fiscalDateEnding,reportedCurrency,grossProfit,totalRevenue,costOfRevenue,costofGoodsAndServicesSold,operatingIncome,sellingGeneralAndAdministrative,researchAndDevelopment,operatingExpenses,investmentIncomeNet,netInterestIncome,interestIncome,interestExpense,nonInterestIncome,otherNonOperatingIncome,depreciation,depreciationAndAmortization,incomeBeforeTax,incomeTaxExpense,interestAndDebtExpense,netIncomeFromContinuingOperations,comprehensiveIncomeNetOfTax,ebit,ebitda,netIncome,Symbol
2023-12-31,USD,999226000,1540437000,695732000,541211000,639914000,147831000,211481000,359312000,11129000,54030000,54030000,12146000,1540437000,None,8200000,6690000,694391000,80755000,None,613636000,633474000,639914000,646604000,613636000,ANET
2023-09-30,USD,942419000,1509456000,702508000,567037000,602695000,127371000,212353000,339724000,10391000,43676000,43676000,None,1509456000,None,8600000,8100000,644510000,99183000,None,545327000,547369000,602695000,610795000,545327000,ANET
2023-06-30,USD,884129000,1458924000,708486000,574795000,530062000,124391000,229676000,354067000,7778000,32206000,32206000,None,1458924000,56339000,7800000,9300000,586401000,94516000,None,491885000,488182000,530062000,539362000,491885000,ANET
2023-03-31,USD,804507000,1351351000,674680000,546844000,484578000,118521000,201408000,319929000,4220000,22509000,22509000,12146000,1351351000,12146000,7100000,9315000,496724000,60251000,None,436473000,448876000,484578000,493893000,436473000,ANET
2022-12-31,USD,768606000,1275552000,625525000,506946000,468919000,109264000,190423000,299687000,1400000,13773000,13773000,13784000,1275552000,16926000,6900000,9315000,485845000,58756000,None,427089000,440310000,468919000,478234000,427089000,ANET
2022-09-30,USD,709980000,1176801000,571647000,466821000,417347000,104826000,187807000,292633000,-2710000,6929000,6929000,6929000,1176801000,6817000,6900000,9300000,424164000,70165000,None,353999000,348189000,417347000,426647000,353999000,ANET
2022-06-30,USD,643265000,1051891000,510880000,408626000,362853000,102254000,178158000,280412000,-4424000,4427000,4427000,4427000,1051891000,-533000,6200000,7700000,362320000,63221000,None,299099000,288281000,362853000,370553000,299099000,ANET
2022-03-31,USD,553845000,877066000,427073000,323221000,277987000,103852000,172006000,275858000,-7033000,2428000,2428000,2428000,877066000,31480000,5600000,7300000,309467000,37208000,None,272259000,250058000,277987000,285287000,272259000,ANET
2021-12-31,USD,522714000,824459000,429992000,301745000,265788000,99047000,157879000,256926000,-7654000,1662000,1662000,1662000,824459000,1500000,4900000,12470000,267288000,27993000,None,239295000,232999000,265788000,278258000,239295000,ANET
2021-09-30,USD,478615000,748697000,362310000,270082000,233294000,92228000,153093000,245321000,-7072000,1636000,1636000,1636000,748697000,1346000,4900000,12629000,234640000,10335000,None,224305000,223440000,233294000,245923000,224305000,ANET
2021-06-30,USD,454178000,707319000,344661000,253141000,219365000,91520000,143293000,234813000,-6675000,1872000,1872000,1872000,707319000,1719000,4800000,12577000,221084000,24196000,None,196888000,196613000,219365000,231942000,196888000,ANET
2021-03-31,USD,425272000,667562000,328783000,242290000,206292000,86493000,132487000,218980000,-5446000,2045000,2045000,2045000,667562000,1575000,4900000,12658000,207867000,27501000,None,180366000,179264000,206292000,218950000,180366000,ANET
2020-12-31,USD,414584000,648482000,319997000,233898000,194638000,86099000,133847000,219946000,-4351000,2490000,2490000,2490000,648482000,5542000,5000000,12615000,200180000,17222000,None,182958000,184130000,194638000,207253000,182958000,ANET
2020-09-30,USD,384962000,605431000,288987000,220469000,188395000,68518000,128049000,196567000,-3092000,4319000,4319000,4319000,605431000,13224000,4900000,10805000,201619000,33244000,None,168375000,159618000,188395000,199200000,168375000,ANET
2020-06-30,USD,344089000,540570000,262037000,196481000,166989000,65556000,111544000,177100000,-1896000,8668000,8668000,8668000,540570000,8256000,5100000,10962000,175245000,30452000,None,144793000,151788000,166989000,177951000,144793000,ANET
2020-03-31,USD,338251000,523029000,260213000,184778000,149662000,75435000,113154000,188589000,-1042000,11662000,11662000,11662000,523029000,12157000,5200000,10208000,161819000,23388000,None,138431000,139116000,149662000,159870000,138431000,ANET
2019-12-31,USD,356303000,552546000,266494000,196243000,175989000,70251000,110063000,180314000,739000,12693000,12693000,0,552546000,11183000,4700000,7901000,187172000,-73520000,None,260692000,260634000,175989000,183890000,260692000,ANET
2019-09-30,USD,417274000,658715000,307077000,237141000,228606000,69936000,118732000,188668000,1772000,0,13446000,0,658715000,19169000,4800000,8191000,247775000,38880000,0,208895000,207061000,247775000,236797000,208895000,ANET
2019-06-30,USD,390191000,608321000,287189000,218130000,206837000,69059000,114295000,183354000,2191000,0,13107000,0,608321000,13811000,4800000,8395000,220648000,31397000,0,189251000,191866000,220648000,215232000,189251000,ANET
2019-03-31,USD,380570000,595424000,281413000,214854000,194342000,66559000,119669000,186228000,2069000,0,13048000,0,595424000,12333000,4700000,8362000,206675000,5646000,0,201029000,204443000,206675000,215037000,201029000,ANET
2018-12-31,USD,374992000,595726000,283645000,220734000,193642000,62911000,118439000,181350000,1497000,-661000,None,661000,595726000,5509000,5600000,9231000,198490000,28168000,661000,170322000,170770000,199151000,208382000,170322000,ANET
2018-09-30,USD,361583000,562636000,264950000,201726000,180770000,63224000,117589000,180813000,1080000,-673000,None,673000,563309000,9292000,5400000,7112000,189389000,20865000,673000,168524000,168633000,190062000,197174000,168524000,ANET
2018-06-30,USD,333883000,519165000,250570000,185962000,-239803000,64608000,104078000,573686000,753000,-680000,None,680000,519845000,-1489000,5400000,5631000,-241972000,-86703000,680000,-155269000,-156194000,-241292000,169339000,-155269000,ANET
2018-03-31,USD,302919000,472489000,169570000,169570000,138738000,61819000,102362000,164181000,30000,-687000,None,687000,472489000,4843000,5300000,5697000,142894000,-1644000,687000,144538000,142850000,143581000,149278000,144538000,ANET
2017-12-31,USD,307165000,467867000,160702000,160702000,139388000,60597000,107180000,167777000,-346000,-741000,None,741000,467867000,2988000,5200000,5285000,141635000,37802000,741000,103833000,102970000,142376000,147661000,103833000,ANET
2017-09-30,USD,280617000,437633000,157016000,157016000,140832000,60175000,79610000,139785000,-353000,-701000,None,701000,437633000,2136000,5200000,5322000,142267000,8545000,701000,133722000,133900000,142968000,148290000,133722000,ANET
2017-06-30,USD,259777000,405211000,145434000,145434000,116634000,61949000,81194000,143143000,-423000,-623000,None,623000,405211000,1119000,5000000,5094000,117130000,14445000,623000,102685000,103062000,117753000,122847000,102685000,ANET
2017-03-31,USD,214210000,335475000,121265000,121265000,73418000,59182000,81610000,140792000,-330000,-715000,None,715000,335475000,1025000,4800000,4939000,73728000,-9233000,715000,82928000,82806000,74443000,79382000,82961000,ANET
2016-12-31,USD,210155000,327969000,117814000,117814000,77495000,61262000,71398000,132660000,-499000,None,None,918000,None,560000,4600000,4942000,77137000,18354000,None,58783000,58291000,77495000,78055000,58783000,ANET
2016-09-30,USD,186420000,290261000,103841000,103841000,63021000,52751000,70648000,123399000,-609000,None,None,735000,None,639000,5100000,5145000,62925000,11668000,None,51225000,50979000,63021000,68805000,51257000,ANET
2016-06-30,USD,171451000,268741000,97290000,97290000,53158000,49273000,69020000,118293000,None,None,None,732000,None,416000,4800000,4883000,52842000,13938000,None,38904000,38851000,53158000,53574000,38904000,ANET
2016-03-31,USD,155090000,242196000,87106000,87106000,49735000,42840000,62515000,105355000,None,None,None,751000,None,337000,4800000,4779000,49321000,14076000,None,35245000,35267000,49735000,54851000,35245000,ANET
2015-12-31,USD,156168000,245446000,89278000,89278000,49397000,49358000,57413000,106771000,-139000,None,None,0,None,-109000,3700000,3947000,48542000,4618000,None,43924000,43680000,49397000,49288000,43924000,ANET
2015-09-30,USD,141748000,217548000,75800000,75800000,31297000,51703000,58748000,110451000,-449000,None,None,0,None,13000,3400000,3478000,30557000,1867000,None,28690000,28402000,31297000,34788000,28690000,ANET
2015-06-30,USD,127890000,195552000,67662000,67662000,32859000,45084000,49947000,95031000,-396000,None,None,0,None,417000,3300000,3353000,32444000,8448000,None,23996000,24205000,32859000,36629000,23996000,ANET
2015-03-31,USD,117754000,179045000,61291000,61291000,35755000,38659000,43340000,81999000,-487000,None,None,0,None,-468000,2900000,2893000,34466000,9974000,None,24492000,24475000,35755000,38180000,24492000,ANET
2014-12-31,USD,116440000,173489000,57049000,57049000,39002000,33094000,44344000,77438000,None,0,None,0,-600000,-151000,2600000,2655000,38083000,7046000,0,31037000,30751000,39002000,41506000,31037000,ANET
2014-09-30,USD,100957000,155463000,54506000,54506000,33874000,30852000,36231000,67083000,None,-527000,-527000,0,None,-824000,2700000,2653000,32286000,10420000,527000,21866000,21803000,33874000,33050000,21866000,ANET
2014-06-30,USD,93380000,137947000,44567000,44567000,30655000,27837000,34888000,62725000,None,-350000,None,350000,None,2472000,2400000,2428000,31692000,10074000,350000,21618000,21630000,30655000,35555000,21618000,ANET
2014-03-31,USD,81314000,117207000,35893000,35893000,21982000,7231000,33446000,59332000,None,None,None,1771000,None,-764000,2300000,2285000,19447000,7118000,None,None,12296000,21982000,23503000,12329000,ANET
2013-12-31,USD,77473000,114766000,37293000,37293000,22505000,6204000,31352000,54968000,None,None,None,1799000,None,-631000,2500000,2539000,20075000,6333000,None,None,13734000,22505000,24413000,13742000,ANET
2013-09-30,USD,65036000,101625000,36589000,36589000,18636000,5242000,26635000,46400000,None,None,None,1797000,None,-23000,1000000,1021000,16816000,4960000,None,None,11927000,18636000,19634000,11856000,ANET
2013-06-30,USD,53901000,83485000,29584000,29584000,16264000,3506000,21086000,37637000,None,None,None,1772000,None,-1000,800000,767000,14491000,4240000,None,None,10217000,16264000,17030000,10251000,ANET
2023-12-31,USD,941900000,2018100000,1076200000,1076200000,612100000,156100000,150200000,329800000,26300000,-15800000,26300000,15800000,2015000000,-11700000,None,12100000,610200000,47500000,15800000,562200000,562400000,626000000,638100000,562700000,ON
2023-09-30,USD,1030700000,2180800000,1150100000,1150100000,687000000,178900000,143400000,343700000,25700000,-16200000,25700000,16200000,2182200000,1100000,None,12000000,697300000,114600000,16200000,582900000,575200000,713500000,725500000,582700000,ON
2023-06-30,USD,993400000,2094400000,1101000000,1101000000,674700000,158800000,145300000,318700000,24000000,-16400000,24000000,16400000,2094200000,-1300000,None,12000000,681000000,104400000,16400000,577100000,568800000,697400000,709400000,576600000,ON
2023-03-31,USD,917500000,1959700000,1042200000,1042200000,564900000,147700000,138400000,352600000,17100000,-26400000,17100000,26400000,1942200000,4700000,None,15000000,545400000,83700000,39700000,462700000,455300000,571800000,586800000,461700000,ON
2022-12-31,USD,1020500000,2103600000,1083100000,1083100000,704300000,171400000,136400000,316200000,9100000,-27500000,9100000,27500000,2159200000,12300000,None,16100000,763300000,159000000,27300000,604300000,604500000,790800000,806900000,604300000,ON
2022-09-30,USD,1058300000,2192600000,1134300000,1134300000,424500000,154400000,145400000,633800000,4900000,-23700000,4900000,23700000,2193500000,900000,None,21900000,406800000,94900000,23700000,311900000,317800000,430500000,452400000,311900000,ON
2022-06-30,USD,1037100000,2085000000,1047900000,1047900000,584000000,156300000,161600000,453100000,1100000,-22100000,1100000,22100000,2085900000,6400000,None,21900000,563200000,107400000,29400000,-230000000,452900000,585300000,607200000,455800000,ON
2022-03-31,USD,961300000,1945000000,983700000,983700000,647200000,149000000,156800000,314100000,400000,-21600000,400000,21600000,1963500000,2100000,None,21300000,627300000,97100000,21600000,531000000,544400000,648900000,670200000,530200000,ON
2021-12-31,USD,832200000,1846100000,1013900000,1013900000,480300000,153700000,160600000,351900000,300000,-32000000,300000,32000000,1844100000,20400000,None,24500000,465700000,39800000,34800000,426400000,433900000,497700000,522200000,425900000,ON
2021-09-30,USD,720800000,1742100000,1021300000,1021300000,399200000,144100000,154500000,321600000,500000,-31900000,500000,31900000,1751500000,-5800000,None,24700000,371500000,61800000,31900000,310400000,313300000,403400000,428100000,309700000,ON
2021-06-30,USD,640100000,1669900000,1029800000,1029800000,282200000,149300000,166300000,357900000,200000,-33100000,200000,33100000,1642100000,-1100000,None,24800000,222000000,37900000,59300000,184100000,187800000,255100000,279900000,184100000,ON
2021-03-31,USD,521200000,1481700000,960500000,960500000,125900000,151300000,173600000,395300000,400000,-33400000,400000,33400000,1485400000,4500000,None,25000000,97000000,7100000,33400000,90300000,91600000,130400000,155400000,89900000,ON
2020-12-31,USD,497600000,1446300000,948700000,948700000,168000000,133400000,159700000,329600000,600000,-41800000,600000,41800000,1451100000,-6300000,None,29300000,119700000,30700000,41800000,497600000,94800000,161500000,190800000,89000000,ON
2020-09-30,USD,441200000,1317300000,876100000,876100000,119000000,127500000,156100000,322200000,900000,-42200000,900000,42200000,1317400000,400000,None,29600000,77500000,-83100000,42200000,441200000,164800000,119700000,149300000,160600000,ON
2020-06-30,USD,374300000,1213500000,839200000,839200000,43100000,128500000,156100000,331200000,1500000,-41900000,1500000,41900000,1210300000,-2800000,None,29100000,-600000,800000,41900000,374300000,-2500000,41300000,70400000,-1400000,ON
2020-03-31,USD,402700000,1277900000,875200000,875200000,18600000,148000000,171000000,384100000,1900000,-42500000,1900000,42500000,1277500000,100000,None,32300000,-22200000,-8200000,42500000,402700000,-26200000,20300000,52600000,-14000000,ON
2019-12-31,USD,485700000,1401800000,916100000,916100000,138900000,144800000,169300000,346800000,2400000,-42200000,2400000,42200000,1404200000,-16400000,None,32100000,82300000,25800000,42200000,485700000,57800000,124500000,156600000,56500000,ON
2019-09-30,USD,475200000,1381800000,906600000,906600000,-43900000,142500000,172800000,519100000,2300000,-40700000,2300000,40700000,1376300000,3500000,None,29900000,-85300000,-24600000,52300000,-60000000,-62900000,-44600000,-14700000,-60700000,ON
2019-06-30,USD,499000000,1347700000,848700000,848700000,158300000,147700000,147000000,340700000,3000000,-33700000,3000000,33700000,1346300000,-1000000,None,27500000,125100000,23300000,34100000,102900000,92100000,158800000,186300000,101800000,ON
2019-03-31,USD,513700000,1386600000,872900000,872900000,179400000,150000000,151800000,334300000,2500000,-31700000,2500000,31700000,1383100000,2100000,None,25700000,152300000,38200000,31700000,114100000,108300000,184000000,209700000,114100000,ON
2018-12-31,USD,569700000,1503100000,933400000,933400000,222700000,156600000,162200000,347000000,2800000,-32900000,None,32900000,1510100000,-7600000,None,28400000,188300000,22700000,32900000,569700000,163200000,221200000,249600000,165600000,ON
2018-09-30,USD,596600000,1541700000,945100000,945100000,241600000,156400000,166200000,355000000,1300000,-31200000,None,31200000,1542300000,3500000,None,28000000,215800000,48900000,31800000,167100000,166300000,247000000,275000000,166900000,ON
2018-06-30,USD,555000000,1455900000,900900000,900900000,197200000,156300000,167100000,357800000,1100000,-32600000,None,32600000,1454300000,-1000000,None,27900000,192400000,37100000,36600000,156300000,154800000,225000000,252900000,155300000,ON
2018-03-31,USD,517400000,1377600000,860200000,860200000,185700000,148700000,155200000,331700000,900000,-31500000,None,31500000,1371900000,-2000000,None,27400000,156000000,16400000,31500000,140500000,145800000,187500000,214900000,139600000,ON
2017-12-31,USD,516500000,1377500000,861000000,863300000,167500000,151300000,158000000,349000000,1200000,-33200000,None,33200000,-20800000,-2400000,None,28800000,119900000,-410000000,46100000,514200000,533100000,153100000,181900000,529900000,ON
2017-09-30,USD,524000000,1390900000,866900000,8100000,177000000,147500000,150900000,347000000,700000,-34900000,None,34900000,8400000,-1800000,None,37300000,168100000,59400000,41600000,108900000,108700000,203000000,240300000,108700000,ON
2017-06-30,USD,492000000,1338000000,846000000,845900000,154000000,156100000,145500000,338000000,500000,-34700000,None,34700000,100000,-500000,None,28600000,142700000,48800000,34700000,94400000,93200000,177400000,206000000,93900000,ON
2017-03-31,USD,503100000,1436700000,933600000,933400000,183100000,145900000,140000000,320000000,600000,-38400000,None,38400000,-31400000,-4100000,None,29100000,114500000,36300000,62200000,78700000,85300000,152900000,182000000,78200000,ON
2016-12-31,USD,384500000,1261000000,872900000,876500000,66400000,151600000,139800000,321700000,700000,-40900000,None,40900000,2900000,-8000000,None,32900000,17400000,-93500000,14500000,384500000,99300000,58300000,91200000,110900000,ON
2016-09-30,USD,329000000,950900000,621900000,621900000,46700000,124300000,111500000,282300000,1400000,-46700000,None,46700000,85400000,0,None,24700000,86800000,76700000,53000000,10600000,10900000,133500000,158200000,10100000,ON
2016-06-30,USD,307900000,877800000,569900000,569900000,75300000,98700000,103000000,232600000,2100000,-42100000,None,42100000,-1800000,-1900000,None,23500000,32700000,7600000,42100000,307900000,27000000,74800000,98300000,25100000,ON
2016-03-31,USD,275500000,817200000,541700000,541700000,58400000,93700000,98000000,217100000,300000,-15600000,None,15600000,-900000,-1400000,None,23700000,41300000,5300000,15600000,275500000,37000000,56900000,80600000,36000000,ON
2015-12-31,USD,279900000,840300000,560400000,560400000,55500000,94000000,91000000,224400000,300000,-14900000,None,14900000,-1600000,-200000,None,34600000,39800000,-14300000,14900000,279900000,55900000,54700000,89300000,54100000,ON
2015-09-30,USD,308500000,904200000,595700000,595700000,69400000,97200000,104900000,239100000,200000,-14900000,None,14900000,1500000,2100000,None,33600000,56300000,10000000,14900000,308500000,45800000,71200000,104800000,46300000,ON
2015-06-30,USD,304400000,880500000,576100000,576100000,67800000,95400000,100400000,236600000,300000,-10700000,None,10700000,-500000,2100000,None,33600000,58400000,7700000,11100000,304400000,52900000,69100000,102700000,50700000,ON
2015-03-31,USD,300400000,870800000,570400000,570400000,68400000,100000000,100400000,232000000,300000,-9200000,None,9200000,3900000,3700000,None,33900000,62500000,7400000,9200000,300400000,50800000,71700000,105600000,55100000,ON
2014-12-31,USD,277700000,864200000,586500000,586500000,14600000,103300000,110900000,263100000,900000,-9500000,None,9500000,3600000,-2300000,None,25400000,2900000,3500000,9500000,273000000,2500000,12400000,37800000,-600000,ON
2014-09-30,USD,280900000,833500000,552600000,549400000,56800000,99600000,93400000,224100000,200000,-8600000,None,8600000,-900000,-1200000,None,23400000,46800000,6300000,8600000,42000000,41200000,55400000,78800000,40500000,ON
2014-06-30,USD,278100000,757600000,479500000,484600000,86800000,92600000,84200000,191300000,200000,-7900000,None,7900000,-1100000,-200000,None,10400000,77900000,-16200000,7900000,89000000,95200000,85800000,96200000,94100000,ON
2014-03-31,USD,248200000,706500000,458300000,455700000,70700000,85400000,78100000,177500000,200000,-8100000,None,8100000,-400000,-700000,None,8500000,61900000,6200000,8100000,58600000,56700000,70000000,78500000,55700000,ON
2013-12-31,USD,250400000,718000000,474400000,465100000,53000000,81500000,78700000,190600000,300000,-10000000,None,10000000,-800000,-2100000,None,8700000,50200000,12400000,10000000,252900000,29500000,60200000,68900000,37800000,ON
2013-09-30,USD,249200000,715400000,466200000,466200000,67300000,78700000,84000000,181900000,300000,-9200000,None,9200000,0,-1400000,None,8200000,54900000,4200000,9200000,52800000,54300000,64100000,72300000,50700000,ON
2013-06-30,USD,231900000,688300000,456500000,456500000,50900000,83500000,83100000,180900000,400000,-9300000,None,9300000,0,4100000,None,8200000,43200000,-2600000,9300000,48700000,47000000,52500000,60700000,45800000,ON
2013-03-31,USD,197600000,661000000,456500000,456500000,37700000,76000000,88400000,166800000,300000,-10100000,None,10100000,25300000,900000,None,8700000,18500000,2400000,13200000,23300000,13300000,28600000,37300000,16100000,ON
2012-12-31,USD,210400000,680200000,475400000,469800000,-135400000,85000000,88200000,340200000,400000,-12700000,None,12700000,8300000,2400000,None,44800000,-140000000,-1800000,12700000,210400000,-140700000,-127300000,-82500000,-138200000,ON
2012-09-30,USD,238000000,725500000,487500000,487500000,44600000,81000000,90100000,193400000,300000,-13600000,None,13600000,-7800000,-3600000,None,11100000,19000000,6500000,21400000,13400000,12000000,32600000,43700000,12500000,ON
2012-06-30,USD,258300000,744800000,486500000,486500000,26900000,87900000,97800000,231400000,300000,-14100000,None,14100000,0,2300000,None,11100000,14100000,7200000,14100000,8200000,3800000,28200000,39300000,6900000,ON
2012-03-31,USD,245200000,744400000,499200000,12000000,43600000,87600000,91400000,201600000,500000,-15700000,None,15700000,-3200000,4700000,None,500000,32300000,4100000,15700000,29000000,33300000,48000000,48500000,28200000,ON
2011-12-31,USD,239200000,767900000,528700000,55000000,30500000,87200000,90700000,208700000,300000,-16400000,None,16400000,-7200000,-2300000,None,-31200000,-7200000,1600000,34300000,239200000,-7000000,9200000,-22000000,-8800000,ON
2011-09-30,USD,261100000,898000000,636900000,0,-6700000,100300000,91500000,267800000,300000,-16900000,None,16900000,-5300000,-3100000,None,10600000,-32100000,17300000,22200000,-49000000,-43400000,-15200000,-4600000,-49400000,ON
2011-06-30,USD,266100000,905800000,639700000,500000,56900000,103500000,89200000,209200000,200000,-17600000,200000,17800000,500000,-1000000,None,57100000,37500000,3200000,17800000,266100000,34400000,55300000,112400000,34300000,ON
2011-03-31,USD,242400000,870600000,628200000,16800000,32700000,96500000,91100000,209700000,300000,-17500000,300000,17800000,4600000,-2500000,None,52800000,36300000,800000,17800000,242400000,35900000,54100000,106900000,35500000,ON
2010-12-31,USD,237600000,579200000,341600000,56400000,80800000,69900000,59400000,156800000,100000,-16400000,None,16400000,-5200000,100000,None,44500000,64400000,3400000,16400000,237600000,61500000,80800000,125300000,61000000,ON
2010-09-30,USD,246500000,600700000,354200000,600000,107700000,66700000,63300000,138800000,200000,-14100000,None,14100000,0,-800000,None,42400000,92400000,4600000,14100000,88400000,91300000,106500000,148900000,87800000,ON
2010-06-30,USD,243800000,583300000,339500000,600000,101500000,71800000,60100000,142300000,100000,-14400000,100000,14500000,-700000,-3400000,None,40300000,82100000,3400000,15200000,79600000,80700000,96600000,136900000,78700000,ON
2010-03-31,USD,228100000,550200000,322100000,322100000,84200000,31500000,65200000,143900000,None,None,None,16400000,None,-2800000,None,39700000,64400000,1400000,None,None,None,80800000,120500000,63000000,ON
2009-12-31,USD,194600000,497100000,302500000,302500000,83800000,20100000,50700000,110800000,None,None,None,15400000,None,-500000,None,38000000,67600000,-400000,None,None,None,83000000,121000000,68000000,ON
2009-09-30,USD,175800000,472900000,297100000,297100000,49700000,27100000,53800000,126100000,None,None,None,15800000,None,-1500000,None,38900000,31800000,1900000,None,None,None,47600000,86500000,29900000,ON
2009-06-30,USD,138200000,419800000,281600000,281600000,13700000,30000000,50700000,124500000,None,None,None,15700000,None,-500000,None,7300000,-4000000,-1000000,None,None,-2000000,11700000,29300000,-3000000,ON
2024-02-02,USD,5316000000,22318000000,17002000000,290000000,1491000000,3109000000,716000000,3825000000,92000000,-373000000,92000000,373000000,53000000,-1000000,None,187000000,1290000000,130000000,305000000,1160000000,1183000000,1663000000,1850000000,1160000000,DELL
2023-11-03,USD,5148000000,22251000000,17103000000,176000000,1486000000,2970000000,692000000,3662000000,88000000,-371000000,88000000,371000000,-142000000,-1000000,None,205000000,1182000000,176000000,371000000,1006000000,940000000,1553000000,1758000000,1006000000,DELL
2023-08-04,USD,5387000000,22934000000,17547000000,192000000,1165000000,3517000000,705000000,4222000000,66000000,-352000000,451000000,352000000,-81000000,-71000000,None,209000000,721000000,259000000,352000000,462000000,573000000,1073000000,1282000000,462000000,DELL
2023-05-05,USD,5018000000,20922000000,15904000000,15904000000,1069000000,3261000000,688000000,3949000000,None,-364000000,393000000,405000000,None,29000000,None,809000000,710000000,127000000,None,578000000,716000000,1115000000,1314000000,583000000,DELL
2023-02-03,USD,5756000000,25039000000,19283000000,195000000,1189000000,3772000000,795000000,4567000000,48000000,-387000000,266000000,387000000,8000000,14000000,None,300000000,931000000,317000000,387000000,614000000,533000000,1318000000,1618000000,614000000,DELL
2022-10-28,USD,5707000000,24721000000,19014000000,164000000,1762000000,3268000000,677000000,3945000000,21000000,-272000000,1308000000,272000000,45000000,-29000000,None,200000000,458000000,213000000,272000000,245000000,30000000,730000000,930000000,245000000,DELL
2022-07-29,USD,5439000000,26425000000,20986000000,164000000,1270000000,3543000000,626000000,4169000000,16000000,-298000000,603000000,298000000,-139000000,-32000000,None,244000000,640000000,129000000,298000000,511000000,230000000,938000000,1182000000,511000000,DELL
2022-04-29,USD,5784000000,26116000000,20332000000,204000000,1550000000,3553000000,681000000,4234000000,15000000,-265000000,15000000,265000000,-303000000,-12000000,None,243000000,1216000000,144000000,265000000,1072000000,1079000000,1481000000,1724000000,1072000000,DELL
2022-01-28,USD,5618000000,27992000000,22374000000,116000000,1609000000,3398000000,611000000,4009000000,10000000,-67000000,220000000,287000000,-267000000,67000000,None,-500000000,-17000000,-19000000,67000000,-29000000,-43000000,270000000,-230000000,2000000,DELL
2021-10-29,USD,5534000000,26424000000,20890000000,162000000,1046000000,3838000000,650000000,4488000000,11000000,-482000000,-76000000,406000000,-114000000,-56000000,None,700000000,4707000000,864000000,482000000,3888000000,3796000000,5113000000,5813000000,3843000000,DELL
2021-07-30,USD,5475000000,24191000000,18716000000,142000000,1017000000,3761000000,697000000,4458000000,10000000,-483000000,-67000000,416000000,-201000000,15000000,None,700000000,927000000,96000000,483000000,880000000,778000000,1343000000,2043000000,831000000,DELL
2021-04-30,USD,5264000000,22590000000,17326000000,163000000,987000000,3658000000,619000000,4277000000,11000000,-510000000,-77000000,433000000,-72000000,-6000000,None,700000000,927000000,40000000,510000000,938000000,907000000,1360000000,2060000000,887000000,DELL
2021-01-29,USD,5524000000,24150000000,19688000000,143000000,718000000,-419000000,-1429000000,-1848000000,7000000,-534000000,-337000000,197000000,21000000,141000000,None,900000000,1452000000,225000000,534000000,695000000,1466000000,1649000000,2549000000,1227000000,DELL
2020-10-30,USD,5024000000,21589000000,16221000000,102000000,1129000000,4772000000,1360000000,6132000000,11000000,-566000000,11000000,566000000,-157000000,32000000,None,800000000,1353000000,521000000,566000000,881000000,939000000,1919000000,2719000000,832000000,DELL
2020-07-31,USD,4877000000,20853000000,15577000000,174000000,1136000000,4761000000,1259000000,6020000000,12000000,-617000000,12000000,617000000,157000000,-39000000,None,800000000,449000000,-599000000,617000000,1099000000,1178000000,1066000000,1866000000,1048000000,DELL
2020-05-01,USD,4715000000,20078000000,15044000000,159000000,702000000,4886000000,1265000000,6151000000,24000000,-672000000,24000000,672000000,-86000000,87000000,None,900000000,97000000,-46000000,672000000,182000000,62000000,769000000,1669000000,143000000,DELL
2020-01-31,USD,7684000000,24032000000,17303000000,107000000,461000000,142000000,-1213000000,-1071000000,33000000,-630000000,-341000000,289000000,-118200000,57000000,None,1100000000,5044000000,4636000000,596200000,7684000000,331000000,5333000000,6433000000,408000000,DELL
2019-11-01,USD,7126000000,22844000000,15718000000,215000000,836000000,5028000000,1262000000,6290000000,41000000,-654000000,None,654000000,-29000000,-39000000,None,1100000000,106000000,-393000000,654000000,7126000000,432000000,760000000,1860000000,499000000,DELL
2019-08-02,USD,7326000000,23370000000,16044000000,179000000,519000000,5578000000,1229000000,6807000000,None,-692000000,None,630000000,-8000000,-630000000,None,1100000000,-927000000,-4343000000,None,3416000000,3376000000,519000000,1619000000,3416000000,DELL
2019-05-03,USD,6797000000,21908000000,15111000000,81000000,550000000,5071000000,1176000000,6247000000,None,-699000000,None,693000000,32300000,-693000000,None,1200000000,-179000000,-472000000,-32300000,293000000,235000000,550000000,1750000000,293000000,DELL
2019-02-01,USD,7109000000,23841000000,16732000000,16732000000,331000000,5576000000,1202000000,6778000000,None,None,None,606000000,-333000000,None,None,1500000000,-287000000,12000000,None,-416000000,-310000000,331000000,1831000000,-299000000,DELL
2018-11-02,USD,5943000000,22482000000,16539000000,16539000000,-356000000,5159000000,1140000000,6299000000,None,None,None,612000000,19000000,None,None,1500000000,-976000000,-100000000,None,-876000000,-998000000,-356000000,1144000000,-876000000,DELL
2018-08-03,USD,6123000000,22942000000,16819000000,16819000000,-13000000,4961000000,1175000000,6136000000,None,None,None,622000000,74000000,None,None,1500000000,-506000000,-7000000,None,-499000000,-712000000,-13000000,1487000000,-499000000,DELL
2018-05-04,USD,5878000000,21356000000,15478000000,15478000000,-153000000,4944000000,1087000000,6031000000,None,None,None,36000000,-41000000,None,None,1500000000,-721000000,-85000000,None,-636000000,-829000000,-153000000,815000000,-636000000,DELL
2018-02-02,USD,5892000000,21963000000,16071000000,16155000000,-69000000,4874000000,1087000000,5961000000,None,None,None,2266000000,None,None,None,1700000000,-590000000,-490000000,None,368000000,256000000,-69000000,3376000000,-100000000,DELL
2017-11-03,USD,5220000000,19556000000,14336000000,14447000000,-410000000,4559000000,1071000000,5630000000,None,None,None,50000000,None,-682000000,None,1700000000,-1087000000,-241000000,None,-937000000,-865000000,-410000000,663000000,-846000000,DELL
2017-08-04,USD,4968000000,19521000000,14553000000,14490000000,-665000000,4540000000,1093000000,5633000000,None,None,None,44000000,None,-545000000,None,1700000000,-1203000000,-471000000,None,-946000000,-386000000,-665000000,541000000,-732000000,DELL
2017-05-05,USD,4457000000,18000000000,13543000000,13514000000,-1272000000,4596000000,1133000000,5729000000,None,None,None,46000000,None,-573000000,None,1800000000,-1812000000,-641000000,None,-1334000000,-1129000000,-1272000000,34000000,-1171000000,DELL
2017-02-03,USD,4531000000,19906000000,15375000000,15543000000,-806000000,4756000000,1271000000,6027000000,None,None,None,1610000000,-362000000,None,None,1554000000,-1033000000,-797000000,None,-1380000000,178000000,-806000000,2131000000,-236000000,DELL
2016-10-28,USD,3899000000,16247000000,12348000000,12348000000,-1512000000,4556000000,855000000,5411000000,None,None,None,117000000,-5000000,-794000000,None,1164000000,-2733000000,-669000000,None,-1626000000,-2260000000,-1512000000,-1452000000,-2064000000,DELL
2016-07-29,USD,2336000000,13080000000,10744000000,10721000000,67000000,2023000000,246000000,2269000000,None,None,None,352000000,None,-349000000,None,491000000,553000000,-20000000,None,-261000000,621000000,67000000,558000000,573000000,DELL
2016-04-29,USD,2193000000,12241000000,10048000000,10048000000,-139000000,2068000000,264000000,2332000000,None,None,None,163000000,None,None,None,692000000,121000000,66000000,None,-424000000,23000000,-139000000,553000000,55000000,DELL
2016-01-29,USD,2254000000,12679000000,10425000000,10425000000,-26000000,2001000000,279000000,2280000000,None,None,None,164000000,None,None,None,716000000,-185000000,-30000000,None,-168000000,-201000000,-26000000,690000000,-155000000,DELL
2015-10-30,USD,2132000000,12674000000,10542000000,10542000000,-78000000,1943000000,267000000,2210000000,None,None,None,167000000,None,None,None,719000000,-197000000,-17000000,None,-264000000,-228000000,-78000000,641000000,-180000000,DELL
2015-07-31,USD,2086000000,12982000000,10896000000,10896000000,-103000000,1932000000,250000000,2182000000,None,None,None,171000000,None,None,None,-14000000,-298000000,-33000000,None,-290000000,-301000000,-103000000,-117000000,-265000000,DELL
2015-05-01,USD,1915000000,12624000000,10709000000,10613000000,-335000000,2139000000,325000000,2464000000,None,None,None,None,None,None,None,663000000,-542000000,-38000000,None,-446000000,-727000000,-335000000,352000000,-504000000,DELL
2023-12-31,USD,733851000,1355355000,621504000,621504000,-248713000,504968000,483528000,1055096000,43463000,-5275000,43463000,5275000,1361287000,-34447000,None,25800000,-244972000,3275000,5275000,-248247000,-223334000,-239697000,-213897000,-248247000,SNAP
2023-09-30,USD,613536000,1169289000,555753000,555753000,-380063000,518302000,494559000,1050561000,43839000,-5521000,43839000,5521000,1174446000,-20662000,None,19100000,-362456000,5800000,5521000,-368207000,-369877000,-356935000,-337835000,-368256000,SNAP
2023-06-30,USD,564027000,1060901000,496874000,496874000,-404339000,497471000,477663000,993534000,43144000,-5343000,43144000,5343000,1066173000,1323000,None,18400000,-365215000,12093000,5343000,-377308000,-391805000,-359872000,-341472000,-377308000,SNAP
2023-03-31,USD,543096000,983082000,439986000,439986000,-365264000,458774000,455112000,931686000,37948000,-5885000,37948000,5885000,988745000,11372000,None,17800000,-321829000,6845000,5885000,-328674000,-316364000,-315944000,-298144000,-328674000,SNAP
2022-12-31,USD,859177000,1340488000,481311000,481311000,-287597000,521079000,584942000,1319670000,28698000,-5312000,28698000,5312000,1299735000,-20043000,None,24700000,-284254000,4206000,5312000,-288460000,-269163000,-278942000,-254242000,-288460000,SNAP
2022-09-30,USD,656386000,1123143000,466757000,466757000,-435242000,532703000,564258000,1272424000,18445000,-5425000,18445000,5425000,1128476000,71961000,None,20900000,-350302000,9200000,5425000,-359502000,-372930000,-344877000,-323977000,-359502000,SNAP
2022-06-30,USD,659174000,1105551000,446377000,446377000,-400940000,560435000,505037000,1129572000,8331000,-5549000,8331000,5549000,1110909000,-16910000,None,64100000,-415067000,7000000,5549000,-422067000,-437897000,-409518000,-345418000,-422067000,SNAP
2022-03-31,USD,637330000,1058227000,420897000,420897000,-271527000,457794000,455563000,935857000,3123000,-5173000,3123000,5173000,1062727000,-77537000,None,22500000,-351114000,8510000,5173000,-359624000,-369158000,-345941000,-323441000,-359624000,SNAP
2021-12-31,USD,845152000,1294303000,449151000,449151000,-25127000,439666000,434195000,894061000,1554000,-4050000,1554000,4050000,1297885000,63204000,None,20200000,35581000,13031000,4050000,22597000,18292000,39631000,59831000,22550000,SNAP
2021-09-30,USD,620649000,1064122000,443473000,443473000,-180824000,392801000,412021000,822922000,1257000,-4031000,1257000,4031000,1067471000,112631000,None,18100000,-70967000,992000,8567000,-71959000,-76027000,-66936000,-48836000,-71959000,SNAP
2021-06-30,USD,533449000,978470000,445021000,445021000,-192512000,358928000,370671000,743999000,1251000,-4564000,1251000,4564000,982108000,42282000,None,14400000,-153543000,-1879000,4564000,-151643000,-149727000,-148979000,-134579000,-151664000,SNAP
2021-03-31,USD,352354000,764955000,412601000,412601000,-303606000,312009000,348580000,670989000,1137000,-5031000,1137000,5031000,769584000,22058000,None,10400000,-285442000,1440000,5031000,-286842000,-296335000,-280411000,-270011000,-286882000,SNAP
2020-12-31,USD,497125000,882671000,385546000,385546000,-97236000,304566000,318446000,632712000,1969000,-29176000,1969000,29176000,911322000,29471000,None,9700000,-94945000,18154000,29176000,-113099000,-100235000,-65769000,-56069000,-113099000,SNAP
2020-09-30,USD,358116000,651211000,293095000,293095000,-167864000,269798000,283639000,561837000,2801000,-28212000,2801000,28212000,678668000,-5669000,None,8400000,-198944000,909000,28212000,-199853000,-190745000,-170732000,-162332000,-199853000,SNAP
2020-06-30,USD,179770000,430224000,250454000,250454000,-310608000,253449000,260863000,521712000,4768000,-24727000,4768000,24727000,454158000,3575000,None,7400000,-326992000,-1041000,24727000,-325992000,-323664000,-302265000,-294865000,-325951000,SNAP
2020-03-31,USD,194697000,448107000,253410000,253410000,-286364000,256819000,238613000,503432000,8589000,-15113000,8589000,15113000,462478000,-12389000,None,8000000,-305277000,659000,15113000,-305936000,-309405000,-290164000,-282164000,-305936000,SNAP
2019-12-31,USD,293910000,547349000,253439000,253439000,-253596000,341519000,219526000,568145000,10463000,-14775000,10463000,14775000,560888000,17536000,None,7100000,-240372000,332000,14775000,-240665000,-232958000,-225597000,-218497000,-240704000,SNAP
2019-09-30,USD,215692000,438832000,223140000,223140000,-228853000,240313000,211599000,458812000,10317000,-8654000,10317000,8654000,446199000,-1481000,None,6900000,-228671000,-1296000,8654000,-227371000,-236650000,-220017000,-213117000,-227375000,SNAP
2019-06-30,USD,211603000,427095000,215492000,215492000,-304818000,241148000,236199000,446464000,7446000,-809000,7446000,809000,427904000,44085000,None,9000000,-254074000,1100000,809000,-255174000,-253004000,-253265000,-244265000,-255174000,SNAP
2019-03-31,USD,115903000,319670000,203767000,203767000,-316061000,216535000,216185000,443120000,7816000,-756000,7816000,756000,320426000,-1127000,None,10400000,-310128000,279000,756000,-310407000,-313622000,-309372000,-298972000,-310407000,SNAP
2018-12-31,USD,173563000,386511000,212948000,212948000,-194707000,207138000,164443000,382268000,7513000,-1111000,None,1111000,387622000,-3715000,None,10400000,-192020000,-352000,1111000,-191668000,-194991000,-190909000,-180509000,-191668000,SNAP
2018-09-30,USD,99222000,296776000,197554000,197554000,-323371000,220002000,203510000,463452000,7011000,-919000,None,919000,297695000,-7625000,None,10600000,-324948000,200000,919000,-325148000,-326885000,-324029000,-313429000,-325148000,SNAP
2018-06-30,USD,69768000,261333000,191565000,191565000,-357842000,225294000,203246000,439340000,6600000,-930000,None,930000,262263000,-61000,None,10800000,-352210000,1100000,930000,-353310000,-366066000,-351280000,-340480000,-353310000,SNAP
2018-03-31,USD,33868000,230666000,196798000,196798000,-392530000,225412000,200986000,437198000,6104000,-934000,None,934000,230666000,3153000,None,10800000,-384207000,1578000,934000,-385785000,-378979000,-383273000,-372473000,-385785000,SNAP
2017-12-31,USD,94447000,285693000,191246000,191246000,-360964000,221573000,233838000,466011000,6070000,-876000,None,876000,-538256000,2553000,None,10600000,-353217000,-3240000,876000,-349977000,-347502000,-352341000,-341741000,-349977000,SNAP
2017-09-30,USD,-2773000,207937000,210710000,210710000,-461827000,219612000,239442000,471254000,6253000,-887000,None,887000,207937000,1002000,None,9700000,-455459000,-12300000,887000,-443159000,-435067000,-454572000,-444872000,-443159000,SNAP
2017-06-30,USD,29523000,181671000,152148000,152148000,-449018000,222806000,255735000,484341000,6349000,-998000,None,998000,181671000,786000,None,5800000,-442881000,212000,998000,-443093000,-437868000,-441883000,-436083000,-443093000,SNAP
2017-03-31,USD,-13710000,149648000,163358000,163358000,-2213767000,1394209000,805848000,2205457000,2424000,-695000,None,695000,149648000,187000,None,5400000,-2211851000,-3014000,695000,-2208837000,-2208415000,-2211156000,-2205756000,-2208837000,SNAP
2016-12-31,USD,12332000,165682000,153350000,153350000,-169737000,66716000,64964000,182069000,None,None,None,776000,None,-1215000,None,10633000,-170242000,-297000,None,-514643000,-171723000,-169466000,-158833000,-169945000,SNAP
2016-09-30,USD,424000,128204000,127780000,127780000,-130968000,42172000,54562000,131392000,None,None,None,648000,None,-1421000,None,7437000,-131099000,-6871000,None,None,-125391000,-130451000,-123014000,-124228000,SNAP
2016-06-30,USD,-22959000,71798000,94757000,94757000,-115859000,32261000,36052000,92900000,None,None,None,None,None,-939000,None,5996000,-115927000,-33000,None,None,-115074000,-115859000,-109931000,-115894000,SNAP
2016-03-31,USD,-36975000,38798000,75773000,75773000,-103821000,24011000,28098000,66846000,None,None,None,None,None,-993000,None,5049000,-104455000,121000,None,None,-104512000,-103821000,-99406000,-104576000,SNAP
2023-12-31,USD,96263000,124484000,28221000,28221000,-42785000,69652000,30158000,139048000,None,-2209000,None,2209000,118884000,-5930000,None,15427000,-60644000,-149770000,2209000,89126000,93037000,-42785000,11880000,89126000,MSTR
2023-09-30,USD,102801000,129462000,26661000,26661000,-25247000,64829000,29660000,128048000,None,-2199000,None,2199000,129462000,2419000,None,2744000,-33834000,109607000,0,-143441000,-145646000,-25247000,13475000,-143441000,MSTR
2023-06-30,USD,93279000,120400000,27121000,27121000,-26708000,66490000,29354000,119987000,None,-2190000,None,2190000,120400000,-250000,None,3230000,-38053000,-60296000,0,22243000,22156000,-26708000,-26708000,22243000,MSTR
2023-03-31,USD,93974000,121915000,27941000,27941000,-20307000,64012000,31358000,114281000,None,-2210000,None,2210000,166601000,-1443000,None,3431000,8006000,-453187000,-42476000,461193000,461931000,-20307000,592000,461193000,MSTR
2022-12-31,USD,105831000,132554000,26723000,26723000,-193717000,70301000,31617000,299548000,None,-2204000,None,2204000,138754000,-5829000,None,-5829000,-214383000,35286000,2204000,-249669000,-245291000,-193717000,-1916000,-249669000,MSTR
2022-09-30,USD,99975000,125360000,25385000,25385000,6058000,62692000,30498000,93917000,None,-2193000,None,2193000,125360000,4897000,None,2150000,-3118000,23961000,0,-27079000,-31593000,6058000,13832000,-27079000,MSTR
2022-06-30,USD,96869000,122073000,25204000,25204000,-918123000,65364000,31790000,1014992000,None,-2168000,None,2168000,122073000,5120000,None,2076000,-926190000,136108000,0,-1062298000,-1066411000,-918123000,6911000,-1062298000,MSTR
2022-03-31,USD,93600000,119277000,25677000,25677000,-169960000,59946000,33523000,263560000,None,-2129000,None,2129000,119277000,2225000,None,2691000,-178774000,-48023000,2129000,-130751000,-132760000,-169960000,172913000,-130751000,MSTR
2021-12-31,USD,110512000,134515000,24003000,24003000,-137467000,70517000,30875000,247979000,None,-11629000,None,29149000,137015000,656000,None,2719000,-148440000,-58463000,None,-89977000,-90739000,-137467000,155707000,-89977000,MSTR
2021-09-30,USD,105675000,127994000,22319000,22319000,-49661000,61960000,28211000,155336000,None,-2107000,None,2107000,127994000,1264000,None,2642000,-59120000,-22984000,2107000,-36136000,-37593000,-49661000,83311000,-36136000,MSTR
2021-06-30,USD,102313000,125351000,23038000,23038000,-414247000,63238000,28548000,516560000,None,-586000,None,586000,125351000,-897000,None,3215000,-419545000,-120198000,586000,-299347000,-298950000,-414247000,438516000,-299347000,MSTR
2021-03-31,USD,100353000,122902000,22549000,22549000,-183152000,59927000,29483000,283505000,None,-2391000,None,2391000,122902000,1264000,None,2782000,-184284000,-74264000,2391000,-110020000,-111856000,-181893000,207820000,-110020000,MSTR
2020-12-31,USD,110534000,131319000,20785000,20785000,390000,58733000,24955000,110144000,None,-1917000,1917000,1917000,131319000,-2506000,None,12200000,-4033000,-6694000,None,84034000,5676000,390000,53302000,2661000,MSTR
2020-09-30,USD,105672000,127408000,21736000,21736000,-20271000,55063000,26638000,125943000,None,209000,209000,209000,127408000,-2971000,None,3514000,-23033000,-8804000,None,-14229000,-11942000,-20271000,71727000,-14229000,MSTR
2020-06-30,USD,86595000,110584000,23989000,23989000,6328000,54400000,25867000,80267000,None,563000,563000,563000,110584000,-1995000,None,3072000,4896000,1509000,None,3387000,4398000,6328000,9400000,3387000,MSTR
2020-03-31,USD,86879000,111424000,24545000,24545000,-72000,60850000,26101000,86951000,None,1855000,1855000,1855000,111424000,434000,None,2756000,2217000,1560000,None,657000,110000,-72000,2684000,657000,MSTR
2019-12-31,USD,108895000,133531000,24636000,24636000,9628000,73280000,25987000,99267000,None,2389000,2389000,2389000,133531000,-2361000,None,5156000,9675000,-2492000,None,108895000,14190000,9628000,9628000,12167000,MSTR
2019-09-30,USD,95878000,119693000,23815000,23815000,4586000,63835000,27457000,91292000,None,2941000,2941000,2941000,119693000,1882000,None,3856000,9409000,-291000,None,9700000,7336000,4586000,8442000,9700000,MSTR
2019-06-30,USD,92387000,117737000,25350000,25350000,-4830000,69453000,27764000,97217000,None,3013000,3013000,3013000,117737000,29431000,None,4023000,27614000,7220000,None,20394000,21048000,-4830000,-807000,20394000,MSTR
2019-03-31,USD,89193000,115366000,26173000,26173000,-10386000,71364000,28215000,99579000,None,2566000,2566000,2566000,115366000,-596000,None,3664000,-8416000,-510000,None,-7906000,-7653000,-10386000,-6722000,-7906000,MSTR
2018-12-31,USD,106032000,131917000,25885000,25885000,-2157000,80161000,28028000,108189000,None,None,None,3157000,131917000,981000,None,218000,1982000,-1319000,None,106032000,1802000,-2157000,-2157000,3301000,MSTR
2018-09-30,USD,98763000,122152000,23389000,23389000,7220000,65714000,25829000,91543000,None,None,None,3441000,122152000,798000,None,-387000,11459000,-1240000,None,12699000,12092000,7220000,7220000,12699000,MSTR
2018-06-30,USD,95562000,120602000,25040000,25040000,-1797000,72277000,25082000,97359000,None,None,None,3223000,120602000,4461000,None,572000,5887000,1059000,None,4828000,936000,-1797000,-1225000,4828000,MSTR
2018-03-31,USD,97782000,122967000,25185000,25185000,715000,73507000,23560000,97067000,None,None,None,2034000,122967000,-1594000,None,3298000,1155000,-518000,None,1673000,3113000,715000,4013000,1673000,MSTR
2017-12-31,USD,111628000,138145000,24753000,24753000,17137000,73217000,21419000,94491000,None,None,None,1756000,136381000,-576000,None,2734000,18317000,43816000,None,109692000,-24624000,17137000,18756000,-25499000,MSTR
2017-09-30,USD,101621000,126010000,24389000,24389000,21174000,60888000,19360000,80447000,None,None,None,1449000,126010000,-1903000,None,2705000,20720000,2536000,None,17924000,19304000,21174000,23280000,18184000,MSTR
2017-06-30,USD,94845000,119220000,24375000,24375000,14076000,61001000,19561000,80769000,None,None,None,1163000,119220000,-2618000,None,3315000,12621000,2668000,None,11076000,12210000,14076000,18988000,9953000,MSTR
2017-03-31,USD,99100000,122232000,23132000,23132000,20835000,59667000,18426000,78265000,None,None,None,837000,122232000,-1856000,None,3818000,19816000,4259000,None,14867000,16575000,20835000,23169000,15557000,MSTR
2016-12-31,USD,116820000,140108000,23288000,23288000,38629000,61740000,18338000,79619000,None,None,None,754000,None,3604000,None,4106000,41656000,10532000,None,116820000,29485000,38629000,36742000,31124000,MSTR
2016-09-30,USD,106961000,129896000,22935000,22935000,30008000,58872000,18069000,76953000,None,None,None,507000,None,-473000,None,4257000,30042000,3414000,None,26628000,26907000,30008000,34289000,26628000,MSTR
2016-06-30,USD,99041000,123142000,24101000,24101000,21079000,58794000,19160000,77962000,None,None,None,539000,None,1755000,None,4279000,23373000,4489000,None,18884000,17392000,21079000,25374000,18884000,MSTR
2016-03-31,USD,96192000,119015000,22823000,22823000,19796000,58796000,17575000,76396000,None,None,None,403000,None,-1668000,None,4553000,18531000,4259000,None,14272000,14934000,19796000,24399000,14272000,MSTR
2015-12-31,USD,120108000,143522000,23414000,23414000,45894000,57041000,17155000,74214000,None,None,None,155000,None,957000,None,5042000,47006000,7895000,None,120108000,37750000,45894000,50972000,39111000,MSTR
2015-09-30,USD,104852000,129536000,24684000,24684000,30731000,56246000,17789000,74121000,None,None,None,116000,None,766000,None,5856000,31613000,7720000,None,23893000,23555000,30731000,36759000,23893000,MSTR
2015-06-30,USD,107028000,132940000,25912000,25912000,34752000,57322000,14864000,72276000,None,None,None,11000,None,-2915000,None,5213000,31848000,9381000,None,22467000,23545000,34752000,40145000,22467000,MSTR
2015-03-31,USD,96773000,123871000,27098000,27098000,22645000,58645000,15398000,74128000,None,None,None,2000,2590000,4750000,None,5103000,27397000,6937000,None,20460000,18316000,22645000,27918000,20460000,MSTR
2014-12-31,USD,117236000,148871000,31635000,31635000,33171000,67025000,13886000,84065000,None,None,None,29000,6057000,2449000,None,5990000,35649000,12950000,None,22699000,21330000,33171000,45469000,22699000,MSTR
2014-09-30,USD,116249000,151202000,34953000,34953000,-6994000,83006000,28659000,123243000,None,None,None,53000,1012000,4928000,None,6045000,-2013000,-1168000,None,-845000,-2944000,-6994000,22207000,-845000,MSTR
2014-06-30,USD,106240000,141853000,35613000,35613000,-12726000,86218000,32748000,118966000,None,None,None,32000,-47000,-474000,None,6558000,-13168000,-2831000,None,-10337000,-10613000,-12726000,-6168000,-10337000,MSTR
2014-03-31,USD,104895000,137904000,33009000,33009000,-8347000,85180000,28062000,113242000,None,None,None,48000,-81000,-1118000,None,6702000,-9417000,-2935000,None,-6482000,-6270000,-8347000,-1645000,-6482000,MSTR
2013-12-31,USD,132912000,165881000,32969000,32969000,18523000,88354000,26035000,114389000,34000,None,None,None,-41000,-1262000,None,6779000,17295000,1147000,None,16148000,16611000,18523000,25302000,16148000,MSTR
2013-09-30,USD,108666000,141919000,33253000,33253000,11626000,75063000,21977000,97040000,80000,None,None,None,-42000,-3213000,None,6509000,8493000,-8653000,None,17146000,18182000,11626000,11626000,17146000,MSTR
2013-06-30,USD,101459000,137905000,36446000,36446000,-2048000,79280000,24227000,103507000,322000,None,None,None,5000,-419000,None,6655000,-2145000,-592000,None,-1553000,-1381000,-2048000,4607000,-1553000,MSTR
2013-03-31,USD,94282000,130183000,35901000,35901000,-8661000,77126000,25817000,102943000,61000,None,None,None,None,1708000,None,6456000,49890000,-1701000,None,-5191000,50604000,-8661000,-2205000,51591000,MSTR
2012-12-31,USD,119547000,155986000,36439000,39682000,13686000,84570000,25079000,105861000,50000,None,None,None,None,-1799000,None,6817000,11827000,3587000,None,124771000,8600000,13686000,13493000,8240000,MSTR
2012-09-30,USD,101233000,136080000,34847000,37485000,7302000,75567000,21920000,93931000,41000,None,None,None,None,-112000,None,5890000,6860000,2097000,None,4763000,5169000,7302000,12716000,4763000,MSTR
2012-06-30,USD,101264000,135324000,34060000,36636000,10487000,75056000,19017000,90777000,35000,None,None,None,None,1000000,None,5384000,10867000,3596000,None,7271000,6735000,10487000,13862000,7271000,MSTR
2012-03-31,USD,102604000,138334000,35730000,38989000,1624000,81903000,22174000,100980000,15000,None,None,None,None,-124000,None,6428000,726000,454000,None,272000,579000,1624000,7046000,272000,MSTR
2011-12-31,USD,122614000,160266000,26330000,37652000,14778000,91348000,17557000,94176000,60000,None,None,None,None,742000,None,5621000,11713000,2713000,None,9000000,8632000,14778000,13909000,9000000,MSTR
2011-09-30,USD,105040000,141704000,36664000,36664000,1537000,83069000,20434000,103503000,18000,None,None,None,None,969000,None,5054000,5895000,974000,None,4921000,4794000,1537000,-2803000,4921000,MSTR
2011-06-30,USD,103608000,138151000,34543000,34543000,3473000,83261000,16874000,100135000,39000,None,None,None,None,-316000,None,4233000,3196000,311000,None,2885000,2761000,3473000,8022000,2885000,MSTR
2011-03-31,USD,88868000,122029000,33161000,33161000,1078000,23281000,12998000,87790000,None,None,None,None,None,-631000,None,3618000,529000,-605000,None,None,1156000,1078000,5327000,1134000,MSTR
2010-12-31,USD,106242000,139120000,32878000,32878000,18863000,22649000,13748000,87379000,None,None,None,None,None,806000,None,3486000,19749000,1827000,None,None,None,18863000,21543000,17922000,MSTR
2010-09-30,USD,87290000,114530000,27240000,27240000,9797000,21816000,13675000,77493000,None,None,None,None,None,-1817000,None,3194000,8172000,821000,None,None,None,9797000,14808000,7351000,MSTR
2010-06-30,USD,83188000,107537000,24349000,24349000,14341000,18674000,10812000,68847000,None,None,None,None,None,None,None,2937000,16500000,4882000,None,None,None,14341000,12197000,11618000,MSTR
2010-03-31,USD,71766000,93390000,21624000,21624000,7588000,18460000,12331000,64178000,None,None,None,None,None,None,None,3182000,10539000,3638000,None,None,None,4739000,7921000,6901000,MSTR
2023-12-31,USD,344680000,812291000,467611000,8870000,101017000,144680000,67567000,10400000,None,-67504000,5403000,67504000,812291000,-12058000,42558000,52825000,26713000,-11264000,82476000,334280000,33878000,94217000,147042000,37977000,ENTG
2023-09-30,USD,367074000,888239000,521165000,6027000,117061000,116051000,66810000,250013000,None,-77820000,2226000,77820000,878779000,-10243000,39631000,51239000,31085000,-2127000,82352000,33351000,21955000,108905000,160144000,33212000,ENTG
2023-06-30,USD,384166000,901000000,516834000,516834000,267614000,145596000,71030000,360178000,None,-80908000,2303000,80908000,892634000,-7724000,43719000,54680000,181146000,-16500000,85389000,197785000,169351000,262054000,316734000,197646000,ENTG
2023-03-31,USD,401685000,922396000,520711000,520711000,13466000,169867000,71906000,88900000,None,-84821000,1325000,86146000,922396000,4658000,46775000,104349000,-66697000,21469000,None,-177800000,-74350000,19449000,77023000,-88166000,ENTG
2022-12-31,USD,404525000,946070000,541545000,11314000,143776000,139246000,68041000,221662000,None,-83642000,1629000,83642000,946070000,3447000,41882000,53462000,65210000,7783000,84694000,404525000,102202000,148852000,202314000,57427000,ENTG
2022-09-30,USD,371671000,993828000,622157000,3666000,14889000,226446000,64990000,388682000,None,-84150000,1395000,84150000,993828000,-12852000,45203000,65346000,-80718000,-7015000,86385000,371671000,-80421000,3432000,68778000,-73703000,ENTG
2022-06-30,USD,310397000,692489000,382092000,8105000,157970000,90685000,49248000,152427000,None,-32001000,658000,32001000,692489000,-9619000,24381000,12494000,116991000,17500000,32001000,310397000,90477000,148992000,161486000,99491000,ENTG
2022-03-31,USD,309820000,649646000,339826000,5811000,163346000,87108000,46715000,146474000,None,-12876000,12000,12876000,649646000,-4902000,23905000,12651000,145580000,19875000,12876000,309820000,123650000,158456000,171107000,125705000,ENTG
2021-12-31,USD,295090000,635204000,340114000,7037000,159544000,77366000,45940000,135712000,None,-9496000,62000,9496000,635204000,-31507000,22801000,12240000,148222000,30003000,9496000,295090000,117145000,157718000,169958000,118219000,ENTG
2021-09-30,USD,264204000,579493000,315289000,4193000,139357000,71032000,41972000,124847000,None,-9395000,56000,9395000,579493000,2000,22841000,11843000,128101000,10640000,9395000,264204000,118098000,137496000,149339000,117461000,ENTG
2021-06-30,USD,265384000,571352000,305968000,2624000,138889000,72621000,41972000,126495000,None,-10697000,54000,10697000,571352000,-124000,22574000,11902000,104686000,15916000,34035000,265384000,90227000,115383000,127285000,88770000,ENTG
2021-03-31,USD,234986000,512844000,277858000,3249000,113978000,71389000,37748000,121008000,None,-11652000,71000,11652000,512844000,-67000,22095000,11871000,98067000,13391000,11652000,234986000,80999000,109719000,121590000,84676000,ENTG
2020-12-31,USD,230872000,517594000,286722000,3454000,113228000,68170000,37558000,117860000,None,-12255000,122000,12255000,517594000,6172000,21366000,11916000,106400000,19776000,12255000,230872000,93199000,118655000,130571000,86624000,ENTG
2020-09-30,USD,226000000,480987000,254987000,3540000,106761000,71195000,36295000,119239000,None,-12781000,130000,12781000,482960000,221000,20777000,11749000,95862000,16559000,13689000,79303000,84077000,108643000,120392000,79303000,ENTG
2020-06-30,USD,207372000,448405000,241033000,4788000,94712000,66872000,32572000,112660000,None,-13005000,213000,13005000,448908000,477000,20639000,13216000,82397000,14361000,14475000,68036000,65869000,95402000,108618000,68036000,ENTG
2020-03-31,USD,185478000,412327000,226849000,3605000,80744000,58891000,29632000,104734000,None,-10559000,321000,10559000,411687000,-878000,20648000,16211000,69628000,8622000,10559000,61006000,51655000,80187000,96398000,61006000,ENTG
2019-12-31,USD,197636000,426998000,229362000,6787000,84085000,67171000,30352000,113626000,None,-13375000,632000,13375000,426998000,-248000,20352000,16028000,71094000,13656000,13375000,197636000,64292000,84469000,100497000,57438000,ENTG
2019-09-30,USD,170350000,394147000,223797000,1331000,52793000,71232000,31173000,117557000,None,-11388000,1172000,11388000,393446000,-934000,19306000,15152000,41643000,876000,11388000,40767000,34779000,53031000,68183000,40767000,ENTG
2019-06-30,USD,166274000,378874000,212600000,212600000,54909000,64150000,30624000,111365000,None,-11315000,1623000,11315000,397077000,122015000,18596000,16591000,167232000,43235000,11315000,123997000,122271000,178547000,195138000,123997000,ENTG
2019-03-31,USD,177393000,391047000,213654000,213654000,47491000,82254000,28991000,129902000,None,-10884000,1225000,10884000,391047000,248000,16721000,18657000,38080000,5422000,10884000,32658000,29895000,48964000,67621000,32658000,ENTG
2018-12-31,USD,179740000,401642000,221902000,221902000,71308000,60707000,30675000,108942000,None,-9652000,None,9652000,401642000,-3176000,16880000,17050000,59706000,-21078000,12081000,179740000,80813000,69358000,86408000,80784000,ENTG
2018-09-30,USD,181716000,398597000,216881000,216881000,67975000,62358000,29964000,113741000,None,-7987000,None,7987000,398597000,-810000,16537000,21419000,59487000,11427000,7987000,48060000,46645000,67474000,88893000,48060000,ENTG
2018-06-30,USD,182378000,383059000,200681000,200681000,74933000,65200000,30231000,107445000,None,-8296000,None,8296000,383059000,-3877000,15802000,12014000,64131000,9782000,8296000,54349000,41772000,72427000,84441000,54349000,ENTG
2018-03-31,USD,175997000,367199000,191202000,191202000,78473000,58269000,27586000,97524000,None,-8159000,None,8159000,367199000,-139000,15897000,11669000,71108000,13546000,8159000,57562000,61401000,79267000,90936000,57562000,ENTG
2017-12-31,USD,163679000,350562000,186883000,186883000,71152000,55018000,26489000,92742000,None,-7925000,None,7925000,350562000,-21696000,15035000,11020000,41923000,70264000,28612000,163679000,-10805000,49848000,60868000,-28341000,ENTG
2017-09-30,USD,155407000,345591000,190184000,190184000,60655000,57699000,26002000,94752000,None,-7749000,None,7749000,345591000,-2906000,14785000,11051000,50150000,9248000,7749000,40902000,42039000,57899000,68950000,40902000,ENTG
2017-06-30,USD,150303000,329002000,178699000,178699000,59090000,52985000,27221000,91213000,None,-8196000,None,8196000,329002000,46000,14411000,11007000,51033000,11042000,8196000,150303000,35970000,59229000,70236000,39991000,ENTG
2017-03-31,USD,139596000,317377000,177781000,177781000,50920000,50492000,27239000,88676000,None,-8473000,None,8473000,317377000,-902000,13977000,10945000,41625000,9111000,8473000,139596000,48626000,50098000,61043000,32514000,ENTG
2016-12-31,USD,131800000,308502000,176702000,176702000,44905000,48734000,27223000,87083000,None,-9068000,None,9068000,None,-1303000,14303000,10938000,34619000,8521000,9068000,131800000,1885000,43687000,54625000,26098000,ENTG
2016-09-30,USD,122980000,296692000,173712000,173712000,34672000,51614000,25720000,88308000,None,-9468000,None,9468000,None,565000,13795000,10974000,25892000,3945000,9468000,122980000,32475000,35360000,46334000,21947000,ENTG
2016-06-30,USD,139205000,303052000,163847000,163847000,46400000,53597000,28146000,92805000,None,-9092000,None,9092000,None,1054000,13825000,11062000,38403000,5513000,9092000,139205000,33686000,47495000,58557000,32890000,ENTG
2016-03-31,USD,114706000,267024000,152318000,152318000,29559000,47956000,25902000,85147000,None,-9218000,None,9218000,None,675000,13700000,11289000,21085000,4873000,9218000,114706000,21602000,30303000,41592000,16212000,ENTG
2015-12-31,USD,109298000,266786000,157488000,157488000,20116000,51024000,26717000,89378000,None,-9783000,None,9783000,None,3889000,14225000,11441000,12842000,-4731000,9783000,109298000,23436000,22625000,34066000,17573000,ENTG
2015-09-30,USD,116310000,270253000,153943000,153943000,31066000,46730000,26841000,85244000,None,-9291000,None,9291000,None,5624000,13356000,11673000,27421000,4018000,9291000,23403000,-12307000,36712000,48385000,23403000,ENTG
2015-06-30,USD,128087000,280709000,152622000,152622000,39347000,50270000,26542000,88740000,None,-9752000,None,9752000,None,1109000,13405000,11928000,30693000,6245000,9752000,24448000,19853000,40445000,52373000,24448000,ENTG
2015-03-31,USD,116536000,263373000,146837000,146837000,27539000,50890000,25800000,88997000,None,-9841000,None,9841000,None,1733000,13319000,12307000,19542000,4670000,9841000,14872000,5214000,29383000,41690000,14872000,ENTG
2014-12-31,USD,117920000,271633000,153713000,153713000,20815000,58879000,26013000,97175000,None,-10346000,None,10346000,None,-1088000,13632000,12213000,9752000,440000,10346000,117920000,-13875000,20098000,32311000,9312000,ENTG
2014-09-30,USD,98743000,273054000,174311000,174311000,5368000,55820000,24427000,93375000,None,-10443000,None,10443000,None,-110000,14130000,13128000,-4878000,-3810000,10443000,-1068000,-10184000,5565000,18693000,-1068000,ENTG
2014-06-30,USD,88668000,251578000,162910000,162910000,-23368000,82347000,21581000,125855000,None,-12537000,None,12537000,None,-1351000,11043000,9390000,-37114000,-22445000,12537000,-14669000,-9970000,-24577000,-15187000,-14669000,ENTG
2014-03-31,USD,71352000,165804000,94452000,94452000,18539000,34787000,15690000,54113000,None,-29000,None,29000,None,-178000,7832000,2336000,18555000,4243000,29000,14312000,14818000,18584000,20920000,14312000,ENTG
2013-12-31,USD,79384000,186260000,106876000,106876000,23694000,37559000,15773000,55690000,None,-53000,None,53000,None,653000,7656000,2358000,24357000,3816000,53000,79384000,17549000,24410000,26768000,20541000,ENTG
2013-09-30,USD,70132000,164585000,94453000,94453000,23909000,31746000,13947000,48036000,None,-56000,None,56000,None,-982000,7205000,2343000,22946000,5139000,56000,17807000,20646000,23002000,25345000,17807000,ENTG
2013-06-30,USD,77570000,177544000,99974000,99974000,26387000,35397000,13427000,51183000,None,-40000,None,40000,None,896000,7311000,2359000,27297000,7516000,40000,19781000,14972000,27337000,29696000,19781000,ENTG
2013-03-31,USD,67128000,165070000,97942000,97942000,20247000,32421000,12173000,46881000,None,None,None,1348000,None,1348000,7296000,2287000,21595000,5198000,None,16397000,4844000,20247000,29830000,16397000,ENTG
2012-12-31,USD,66461000,167818000,101357000,101357000,13942000,37273000,12911000,62500000,98000,-100000,None,100000,None,885000,7151000,2335000,14837000,3581000,100000,66461000,4700000,14937000,17272000,11256000,ENTG
2012-09-30,USD,81932000,184449000,102517000,102517000,27134000,39095000,13314000,54841000,83000,-43000,None,43000,None,-1441000,7349000,2389000,25693000,7656000,43000,18037000,25899000,25736000,28125000,18037000,ENTG
2012-06-30,USD,82746000,188233000,105487000,105487000,31611000,35989000,12726000,51227000,62000,-92000,None,92000,None,641000,7026000,2420000,32252000,10579000,92000,21673000,20319000,32344000,34764000,21673000,ENTG
2012-03-31,USD,76244000,175403000,99159000,99159000,26757000,35048000,11989000,49523000,38000,-36000,None,36000,None,164000,6487000,2450000,26924000,9065000,36000,17859000,14871000,26960000,29410000,17859000,ENTG
2011-12-31,USD,67614000,163922000,96308000,96308000,21725000,32398000,11029000,71359000,122000,-131000,None,131000,None,-557000,6547000,29301000,21828000,-18333000,131000,67614000,39002000,21959000,51260000,40161000,ENTG
2011-09-30,USD,74828000,173014000,98186000,98186000,26833000,33533000,11957000,48015000,58000,-20000,None,20000,None,-315000,6763000,2505000,26570000,4582000,20000,74828000,19476000,26590000,29095000,21988000,ENTG
2011-06-30,USD,95143000,209198000,114055000,114055000,40986000,39126000,12462000,-1300000,35000,-570000,None,570000,None,1530000,6710000,2569000,42217000,9695000,570000,95143000,36635000,42787000,45356000,32522000,ENTG
2011-03-31,USD,88345000,203125000,114780000,114780000,37334000,35790000,12532000,51011000,None,None,None,165000,None,428000,6819000,9508000,37448000,8273000,None,None,30109000,37613000,46842000,29175000,ENTG
2010-12-31,USD,80509000,182100000,101591000,101591000,28541000,38199000,10997000,51968000,None,None,None,322000,None,271000,7322000,10094000,26807000,-196000,None,None,None,27129000,37016000,27003000,ENTG
2010-09-30,USD,79856000,178230000,98374000,98374000,29174000,36478000,11381000,50682000,None,None,None,342000,None,-1283000,6755000,9578000,27418000,5000000,None,None,None,27760000,40035000,22418000,ENTG
2010-06-30,USD,77127000,167575000,90448000,90448000,26435000,36592000,10736000,50692000,None,None,None,1674000,None,-711000,None,10530000,23778000,5393000,None,None,None,25452000,36254000,18385000,ENTG
2010-03-31,USD,73151000,160511000,87360000,87360000,22277000,35800000,10820000,50874000,None,None,None,1206000,None,None,None,10996000,21364000,4809000,None,None,None,22277000,33273000,16550000,ENTG
