fiscalDateEnding,reportedCurrency,grossProfit,totalRevenue,costOfRevenue,costofGoodsAndServicesSold,operatingIncome,sellingGeneralAndAdministrative,researchAndDevelopment,operatingExpenses,investmentIncomeNet,netInterestIncome,interestIncome,interestExpense,nonInterestIncome,otherNonOperatingIncome,depreciation,depreciationAndAmortization,incomeBeforeTax,incomeTaxExpense,interestAndDebtExpense,netIncomeFromContinuingOperations,comprehensiveIncomeNetOfTax,ebit,ebitda,netIncome,Symbol
2023-12-31,USD,279190000,362473000,83283000,83858000,-42829000,225618000,96401000,322019000,None,-1069000,20190000,1069000,362473000,-2103000,30200000,5300000,-25811000,2054000,1069000,-27865000,-21733000,-24742000,-19442000,-27865000,NET
2023-09-30,USD,257534000,335603000,78069000,78069000,-39212000,206153000,90593000,296746000,None,-1138000,17954000,1138000,335603000,115000,29000000,4900000,-22281000,1254000,1138000,-23535000,-21374000,-21143000,-16243000,-23535000,NET
2023-06-30,USD,233273000,308494000,75221000,75221000,-56172000,199835000,89610000,289445000,None,-1539000,16536000,1539000,258194000,-1527000,28400000,4900000,-93002000,1465000,51839000,-94467000,-94638000,-91463000,-86563000,-94467000,NET
2023-03-31,USD,219743000,290175000,70432000,70432000,-47272000,185476000,81539000,267015000,None,-2126000,13487000,2126000,290175000,-857000,25800000,4900000,-36768000,1314000,2126000,-38082000,-32324000,-34642000,-29742000,-38082000,NET
2022-12-31,USD,206912000,274700000,67788000,67788000,-50691000,177900000,79703000,257603000,None,-875000,8323000,875000,276700000,-1602000,24000000,4900000,-44845000,1072000,875000,-45917000,-40515000,-43970000,-39070000,-45917000,NET
2022-09-30,USD,191890000,253857000,61967000,61967000,-45947000,161405000,76432000,237837000,None,-1512000,2340000,1512000,253857000,2433000,21900000,4900000,-41174000,1372000,1512000,-42546000,-43766000,-39662000,-34762000,-42546000,NET
2022-06-30,USD,178713000,234517000,55804000,55804000,-64541000,168140000,75114000,243254000,None,-1040000,1641000,1040000,234517000,233000,20000000,4900000,-63707000,-170000,1040000,-63507000,-66870000,-62667000,-57767000,-63537000,NET
2022-03-31,USD,165116000,212167000,47051000,47051000,-40024000,138086000,67054000,205140000,None,-1557000,1061000,1557000,212167000,-487000,18900000,500000,-41007000,374000,1557000,-41381000,-51481000,-39450000,-38950000,-41381000,NET
2021-12-31,USD,151100000,193596000,42496000,42496000,-41064000,130402000,61762000,192164000,None,-16108000,15440000,16108000,193196000,-426000,17100000,800000,-56930000,20571000,16108000,-77501000,-79935000,-40822000,-40022000,-77501000,NET
2021-09-30,USD,134822000,172347000,37525000,37525000,-26494000,114546000,46770000,161316000,None,-12448000,12063000,12448000,100113000,361000,16100000,700000,-110430000,-3095000,84682000,-107335000,-107502000,-97982000,-97282000,-107335000,NET
2021-06-30,USD,117399000,152428000,35029000,35029000,-28872000,104922000,41349000,146271000,None,-10444000,10071000,10444000,152428000,-877000,15100000,700000,-39810000,-4300000,10261000,-35510000,-35588000,-29366000,-28666000,-35510000,NET
2021-03-31,USD,105971000,138055000,32084000,32084000,-31254000,97698000,39527000,137225000,None,-10234000,544000,10234000,138055000,148000,14000000,700000,-40796000,-833000,10049000,-39996000,-40092000,-30562000,-29862000,-39963000,NET
2020-12-31,USD,96861000,125926000,29065000,29065000,-24741000,86845000,34757000,121602000,None,-10062000,846000,10062000,125026000,113000,13100000,1000000,-33824000,197000,9842000,-34021000,-34428000,-23762000,-22762000,-34021000,NET
2020-09-30,USD,87157000,114162000,27005000,27005000,-21252000,77507000,30902000,108409000,None,-9828000,8512000,9828000,114162000,-208000,12100000,700000,-29972000,-3504000,9640000,-26468000,-27122000,-20144000,-19444000,-26468000,NET
2020-06-30,USD,75557000,99721000,24164000,24164000,-24704000,72130000,28131000,100261000,None,-5007000,3150000,5007000,99721000,-219000,10800000,700000,-28073000,-1938000,4854000,-26135000,-26318000,-23066000,-22366000,-26135000,NET
2020-03-31,USD,70429000,91250000,20821000,20821000,-36071000,73146000,33354000,106500000,None,-67000,2502000,67000,91250000,485000,9900000,700000,-33084000,-338000,0,-32746000,-31400000,-33017000,-32317000,-32746000,NET
2019-12-31,USD,65732000,83930000,18198000,18198000,-29942000,69385000,26289000,95674000,None,-142000,2823000,142000,83730000,-412000,8600000,10000,-27540000,615000,1112000,-28155000,-28167000,-27398000,-27388000,-28155000,NET
2019-09-30,USD,57908000,73941000,16033000,16033000,-41086000,71131000,27863000,98994000,None,-407000,672000,407000,73941000,-651000,7700000,30000,-41065000,-212000,0,-40853000,-40846000,-40658000,-40628000,-40853000,NET
2019-06-30,USD,52592000,67424000,14832000,14832000,-19771000,17659000,18868000,72363000,None,540000,540000,290000,None,-86000,7000000,6990000,-19317000,389000,0,-19706000,-19655000,-19027000,-12037000,-19706000,NET
2019-03-31,USD,47367000,61727000,14360000,14360000,-17147000,16048000,17649000,64514000,None,640000,640000,273000,None,-293000,6100000,6170000,-16800000,314000,None,-17114000,-17042000,-16527000,-10357000,-17114000,NET
2018-12-31,USD,42543000,55499000,12956000,12956000,-17093000,16098000,15350000,59636000,None,None,None,266000,None,-188000,5400000,5508000,-16499000,188000,None,None,-16678000,-16233000,-10725000,-16687000,NET
2018-09-30,USD,38861000,50070000,11209000,11209000,-36468000,36040000,14827000,75329000,None,None,None,251000,None,-1240000,5000000,5119000,-37572000,417000,None,None,-37991000,-37321000,-32202000,-37989000,NET
2023-12-31,USD,769000000,951000000,182000000,182000000,335000000,294000000,77000000,434000000,None,-160000000,5000000,165000000,955000000,2000000,None,61000000,181000000,37000000,165000000,144000000,157000000,335000000,396000000,144000000,GEN
2023-09-30,USD,768000000,948000000,180000000,180000000,25000000,580000000,85000000,743000000,None,-173000000,6000000,173000000,949000000,0,None,61000000,-141000000,-290000000,173000000,149000000,119000000,25000000,86000000,149000000,GEN
2023-06-30,USD,767000000,946000000,179000000,179000000,362000000,237000000,90000000,405000000,None,-170000000,6000000,170000000,951000000,1000000,None,61000000,204000000,15000000,170000000,189000000,240000000,362000000,423000000,189000000,GEN
2023-03-31,USD,757000000,947000000,190000000,190000000,357000000,237000000,88000000,400000000,None,-168000000,5000000,168000000,947000000,-30000000,None,61000000,164000000,-751000000,168000000,915000000,928000000,357000000,418000000,915000000,GEN
2022-12-31,USD,758000000,936000000,178000000,178000000,368000000,194000000,91000000,390000000,None,-154000000,5000000,154000000,929000000,4000000,None,61000000,216000000,51000000,154000000,165000000,152000000,368000000,429000000,165000000,GEN
2022-09-30,USD,629000000,748000000,119000000,119000000,241000000,277000000,73000000,388000000,None,-45000000,3000000,48000000,741000000,6000000,None,29000000,195000000,126000000,48000000,69000000,98000000,241000000,270000000,69000000,GEN
2022-06-30,USD,605000000,27000000,102000000,102000000,261000000,260000000,61000000,344000000,None,-29000000,2000000,31000000,706000000,-2000000,None,21000000,229000000,29000000,31000000,200000000,160000000,261000000,282000000,200000000,GEN
2022-03-31,USD,615000000,716000000,101000000,101000000,129000000,398000000,59000000,486000000,None,-31000000,None,31000000,713000000,1000000,None,22000000,96000000,-24000000,31000000,120000000,94000000,129000000,151000000,120000000,GEN
2021-12-31,USD,597000000,702000000,105000000,105000000,302000000,202000000,60000000,295000000,None,-32000000,None,32000000,703000000,-10000000,None,21000000,261000000,59000000,32000000,202000000,190000000,302000000,323000000,202000000,GEN
2021-09-30,USD,592000000,692000000,100000000,100000000,287000000,213000000,66000000,305000000,None,-31000000,None,31000000,868000000,1000000,None,21000000,433000000,100000000,31000000,333000000,318000000,287000000,308000000,333000000,GEN
2021-06-30,USD,584000000,686000000,102000000,102000000,287000000,201000000,68000000,297000000,None,None,None,32000000,682000000,1000000,None,21000000,252000000,71000000,32000000,181000000,183000000,287000000,308000000,181000000,GEN
2021-03-31,USD,573000000,672000000,99000000,99000000,266000000,200000000,68000000,307000000,None,None,None,35000000,733000000,-4000000,None,20000000,275000000,81000000,35000000,208000000,183000000,266000000,286000000,194000000,GEN
2020-12-31,USD,552000000,639000000,87000000,87000000,280000000,182000000,71000000,272000000,None,None,None,32000000,641000000,3000000,None,18000000,258000000,80000000,32000000,173000000,214000000,280000000,298000000,178000000,GEN
2020-09-30,USD,536000000,626000000,90000000,90000000,230000000,211000000,63000000,306000000,None,None,None,37000000,661000000,3000000,None,18000000,129000000,65000000,37000000,166000000,90000000,230000000,248000000,64000000,GEN
2020-06-30,USD,528000000,614000000,86000000,86000000,120000000,198000000,65000000,408000000,None,None,None,40000000,635000000,4000000,None,18000000,68000000,-50000000,40000000,149000000,130000000,120000000,138000000,118000000,GEN
2020-03-31,USD,517000000,614000000,97000000,97000000,44000000,247000000,70000000,473000000,None,None,None,50000000,877000000,7000000,None,18000000,339000000,108000000,50000000,149000000,203000000,44000000,62000000,231000000,GEN
2019-12-31,USD,515000000,618000000,103000000,103000000,62000000,263000000,72000000,453000000,None,None,None,51000000,992000000,-4000000,None,20000000,2902000000,57000000,51000000,353000000,2859000000,62000000,82000000,2845000000,GEN
2019-09-30,USD,511000000,608000000,97000000,100000000,109000000,279000000,85000000,402000000,None,None,None,46000000,607000000,1000000,None,21000000,807000000,22000000,46000000,38000000,795000000,109000000,130000000,785000000,GEN
2019-07-05,USD,554000000,650000000,96000000,272000000,140000000,280000000,101000000,414000000,None,None,None,49000000,649000000,3000000,None,20000000,80000000,54000000,49000000,38000000,21000000,140000000,160000000,26000000,GEN
2019-03-31,USD,493000000,617000000,124000000,279000000,72000000,480000000,98000000,421000000,None,None,None,51000000,1187000000,2000000,None,51000000,17000000,-17000000,51000000,37000000,41000000,72000000,123000000,34000000,GEN
2018-12-31,USD,505000000,615000000,110000000,266000000,62000000,462000000,110000000,443000000,11000000,None,None,53000000,1207000000,-2000000,None,52000000,75000000,10000000,53000000,-19000000,68000000,62000000,114000000,65000000,GEN
2018-09-30,USD,496000000,612000000,116000000,256000000,43000000,479000000,105000000,453000000,11000000,None,None,52000000,1172000000,4000000,None,51000000,22000000,30000000,52000000,-62000000,-5000000,43000000,94000000,-8000000,GEN
2018-06-30,USD,907000000,1156000000,249000000,249000000,2000000,519000000,237000000,905000000,7000000,-9000000,None,9000000,1147000000,9000000,None,53000000,-64000000,-4000000,52000000,-65000000,-84000000,2000000,-2000000,-60000000,GEN
2018-03-31,USD,-760000000,1163000000,-305000000,264000000,-197000000,497000000,-244000000,-563000000,None,None,None,57000000,4801000000,21000000,None,-121000000,-96000000,-37000000,57000000,-221000000,-70000000,-197000000,-318000000,-59000000,GEN
2017-12-31,USD,960000000,1209000000,249000000,249000000,96000000,494000000,225000000,864000000,5000000,None,None,58000000,1862000000,9000000,None,111000000,736000000,-606000000,58000000,1311000000,1350000000,96000000,207000000,1342000000,GEN
2017-09-30,USD,978000000,1240000000,262000000,262000000,-9000000,594000000,241000000,987000000,5000000,None,None,57000000,1233000000,-3000000,None,116000000,-65000000,-53000000,57000000,-16000000,-15000000,-9000000,107000000,-12000000,GEN
2017-06-30,USD,918000000,1175000000,257000000,257000000,-44000000,582000000,233000000,962000000,6000000,-9000000,None,9000000,1161000000,-6000000,None,59000000,-157000000,-24000000,84000000,-110000000,-135000000,-44000000,-89000000,-133000000,GEN
2017-03-31,USD,856000000,1115000000,259000000,259000000,-178000000,657000000,249000000,1034000000,7000000,None,None,74000000,4017000000,18000000,None,-36000000,-214000000,-71000000,74000000,-177000000,-134000000,-178000000,-214000000,-143000000,GEN
2016-12-31,USD,806000000,1041000000,235000000,235000000,-16000000,508000000,204000000,822000000,5000000,None,None,55000000,None,5000000,None,94000000,41000000,-5000000,55000000,-56000000,50000000,-16000000,78000000,46000000,GEN
2016-09-30,USD,769000000,979000000,210000000,210000000,-12000000,483000000,200000000,781000000,4000000,None,None,52000000,None,10000000,None,69000000,-125000000,19000000,52000000,-69000000,-142000000,-12000000,57000000,-144000000,GEN
2016-06-30,USD,735000000,884000000,149000000,149000000,106000000,375000000,170000000,629000000,5000000,None,None,27000000,None,13000000,None,72000000,166000000,31000000,27000000,66000000,110000000,106000000,126000000,135000000,GEN
2016-03-31,USD,726000000,873000000,147000000,147000000,128000000,385000000,177000000,598000000,4000000,None,None,19000000,None,13000000,52000000,16000000,3174000000,1129000000,19000000,-1013000000,2073000000,128000000,171000000,2045000000,GEN
2015-12-31,USD,759000000,909000000,150000000,150000000,146000000,376000000,174000000,613000000,1000000,None,None,17000000,None,-1000000,18000000,22000000,185000000,15000000,17000000,114000000,157000000,146000000,218000000,170000000,GEN
2015-09-30,USD,746000000,906000000,160000000,264000000,100000000,402000000,199000000,646000000,2000000,None,None,19000000,None,4000000,73000000,100000000,190000000,34000000,19000000,53000000,128000000,100000000,419000000,156000000,GEN
2015-06-30,USD,754000000,912000000,158000000,254000000,83000000,424000000,198000000,671000000,3000000,None,None,20000000,None,-6000000,70000000,102000000,152000000,35000000,20000000,25000000,129000000,83000000,419000000,117000000,GEN
2015-03-31,USD,723000000,899000000,176000000,287000000,-49000000,471000000,208000000,772000000,2000000,None,None,19000000,None,8000000,56000000,30000000,63000000,-113000000,19000000,55000000,161000000,-49000000,-19000000,176000000,GEN
2014-12-31,USD,793000000,970000000,177000000,279000000,34000000,494000000,193000000,759000000,3000000,None,None,20000000,None,1000000,28000000,10000000,266000000,44000000,19000000,-25000000,187000000,34000000,44000000,222000000,GEN
2014-09-30,USD,1339000000,1617000000,278000000,38000000,348000000,658000000,276000000,991000000,3000000,None,None,19000000,None,1000000,71000000,40000000,333000000,89000000,19000000,244000000,202000000,348000000,388000000,244000000,GEN
2014-06-30,USD,1426000000,1735000000,309000000,40000000,322000000,747000000,308000000,1104000000,3000000,None,None,21000000,None,1000000,74000000,42000000,305000000,69000000,21000000,236000000,238000000,322000000,364000000,236000000,GEN
2014-03-31,USD,-792000000,1625000000,-76000000,33000000,-733000000,699000000,-40000000,-59000000,2000000,None,None,19000000,None,-1000000,29000000,82000000,56000000,-161000000,19000000,-590000000,228000000,-733000000,-651000000,217000000,GEN
2013-12-31,USD,1422000000,1705000000,283000000,39000000,405000000,705000000,252000000,1017000000,3000000,None,None,20000000,None,-1000000,68000000,49000000,387000000,104000000,20000000,283000000,282000000,405000000,454000000,283000000,GEN
2013-09-30,USD,1353000000,1637000000,284000000,32000000,248000000,706000000,248000000,1105000000,3000000,None,None,20000000,None,20000000,69000000,55000000,251000000,10000000,20000000,241000000,245000000,248000000,303000000,241000000,GEN
2013-06-30,USD,1409000000,1709000000,300000000,37000000,224000000,770000000,262000000,1185000000,3000000,None,None,25000000,None,18000000,70000000,135000000,220000000,63000000,25000000,157000000,135000000,224000000,359000000,157000000,GEN
2013-03-31,USD,1440000000,1748000000,308000000,43000000,255000000,811000000,281000000,1185000000,3000000,None,None,37000000,None,12000000,70000000,87000000,233000000,43000000,37000000,543000000,187000000,255000000,342000000,190000000,GEN
2012-12-31,USD,1492000000,1791000000,299000000,43000000,304000000,847000000,249000000,1188000000,4000000,None,None,38000000,None,20000000,72000000,51000000,290000000,74000000,38000000,212000000,227000000,304000000,355000000,216000000,GEN
2012-09-30,USD,1415000000,1699000000,284000000,37000000,297000000,768000000,247000000,1118000000,2000000,None,None,35000000,None,1000000,70000000,53000000,265000000,76000000,35000000,193000000,198000000,297000000,350000000,189000000,GEN
2012-06-30,USD,1384000000,1668000000,284000000,35000000,250000000,759000000,249000000,1134000000,3000000,None,None,29000000,None,-6000000,70000000,72000000,218000000,58000000,29000000,172000000,162000000,250000000,322000000,160000000,GEN
2012-03-31,USD,1394000000,1681000000,287000000,39000000,217000000,854000000,241000000,1177000000,3000000,None,None,28000000,None,-2000000,73000000,72000000,716000000,142000000,28000000,394000000,580000000,217000000,289000000,574000000,GEN
2011-12-31,USD,1444000000,1715000000,271000000,38000000,300000000,824000000,242000000,1144000000,2000000,None,None,27000000,None,-2000000,66000000,73000000,272000000,32000000,27000000,241000000,242000000,300000000,373000000,240000000,GEN
2011-09-30,USD,1416000000,1681000000,265000000,33000000,285000000,803000000,247000000,1131000000,4000000,None,None,28000000,None,2000000,67000000,73000000,249000000,67000000,28000000,254000000,174000000,285000000,358000000,182000000,GEN
2011-06-30,USD,1394000000,1653000000,259000000,29000000,302000000,770000000,239000000,1092000000,4000000,None,None,32000000,None,-4000000,67000000,71000000,258000000,67000000,32000000,-39000000,194000000,302000000,373000000,191000000,GEN
2011-03-31,USD,1403000000,1673000000,270000000,34000000,239000000,834000000,226000000,1164000000,3000000,None,None,37000000,None,1000000,69000000,72000000,269000000,101000000,37000000,550000000,158000000,239000000,311000000,168000000,GEN
2010-12-31,USD,1340000000,1604000000,264000000,31000000,229000000,801000000,220000000,1111000000,3000000,None,None,37000000,None,-18000000,65000000,70000000,167000000,35000000,37000000,132000000,163000000,229000000,299000000,132000000,GEN
2010-09-30,USD,1234000000,1480000000,246000000,29000000,218000000,712000000,208000000,1016000000,2000000,None,None,36000000,None,14000000,64000000,67000000,180000000,44000000,36000000,134000000,119000000,218000000,285000000,136000000,GEN
2010-06-30,USD,1168000000,1433000000,265000000,48000000,194000000,665000000,208000000,974000000,2000000,None,None,33000000,None,1000000,59000000,61000000,200000000,4000000,33000000,None,167000000,194000000,255000000,161000000,GEN
2010-03-31,USD,1255000000,1531000000,276000000,51000000,247000000,684000000,216000000,1008000000,2000000,None,None,33000000,None,3000000,64000000,61000000,316000000,132000000,33000000,75000000,906000000,247000000,308000000,184000000,GEN
2010-12-31,USD,1290000000,1548000000,258000000,50000000,277000000,727000000,210000000,1013000000,1000000,None,None,37000000,None,44000000,61000000,61000000,280000000,-21000000,33000000,301000000,282000000,277000000,338000000,301000000,GEN
2009-09-30,USD,1215000000,1474000000,259000000,52000000,257000000,660000000,210000000,958000000,1000000,None,None,31000000,None,2000000,62000000,63000000,223000000,68000000,31000000,155000000,131000000,257000000,320000000,155000000,GEN
2009-06-30,USD,1120000000,1432000000,312000000,103000000,152000000,648000000,221000000,968000000,2000000,None,None,32000000,None,6000000,60000000,62000000,105000000,31000000,32000000,85000000,82000000,152000000,214000000,74000000,GEN
2024-01-31,USD,460000000,619000000,647000000,145000000,-83000000,359000000,156000000,543000000,None,-1000000,25000000,1000000,620000000,25000000,None,115000000,-44000000,0,-14000000,-44000000,-32000000,-43000000,72000000,-44000000,OKTA
2023-10-31,USD,439000000,600000000,530000000,145000000,-111000000,381000000,165000000,550000000,None,-2000000,21000000,2000000,602000000,21000000,None,27000000,-74000000,7000000,-16000000,-81000000,-85000000,-72000000,-45000000,-81000000,OKTA
2023-07-31,USD,407000000,596000000,546000000,149000000,-162000000,380000000,172000000,569000000,None,-2000000,18000000,2000000,598000000,18000000,None,26000000,-104000000,7000000,-40000000,-111000000,-105000000,-102000000,-76000000,-111000000,OKTA
2023-04-30,USD,376000000,546000000,538000000,142000000,-160000000,366000000,163000000,536000000,None,-3000000,17000000,3000000,549000000,17000000,None,23000000,-115000000,4000000,-28000000,-119000000,-106000000,-112000000,-89000000,-119000000,OKTA
2023-01-31,USD,371000000,507796000,560838000,139000000,-157000000,345341000,154000000,528000000,None,-2412000,-412000,2000000,510208000,10000000,None,47009000,-149000000,4000000,2412000,-152918000,-130000000,-147000000,-99991000,-153000000,OKTA
2022-10-31,USD,343000000,478237000,562457000,138000000,-207000000,401504000,148000000,550000000,None,-2805000,195000,3000000,481042000,5000000,None,23300000,-205000000,4000000,2805000,-208897000,-224000000,-202000000,-178700000,-209000000,OKTA
2022-07-31,USD,314000000,448892000,527233000,138000000,-208000000,366339000,156000000,522000000,None,-2915000,85000,3000000,451807000,5000000,None,23200000,-206000000,4000000,2915000,-210500000,-215000000,-203000000,-179800000,-210000000,OKTA
2022-04-30,USD,284000000,412075000,534821000,131000000,-240000000,361816000,162000000,524000000,None,-2868000,132000,3000000,414943000,2000000,None,41840000,-241000000,2000000,2868000,-242713000,-267000000,-238000000,-196160000,-243000000,OKTA
2022-01-31,USD,263717000,359609000,489523000,119097000,-215323000,330485000,147195000,479040000,None,-23406000,-1182000,22224000,383015000,1378000,None,39536000,-235990000,4785000,23406000,-241186000,-252789000,-213766000,-174230000,-240775000,OKTA
2021-10-31,USD,241006000,327536000,441101000,109674000,-198556000,309027000,130535000,439562000,None,-23144000,1056000,23144000,350680000,1056000,None,22400000,-220644000,667000,23144000,-221311000,-225282000,-197500000,-175100000,-221311000,OKTA
2021-07-31,USD,214394000,292585000,477833000,101106000,-263440000,355427000,122407000,477834000,None,-22872000,2211000,22872000,315457000,2211000,None,21300000,-284182000,-7500000,22915000,-276644000,-277917000,-261310000,-240010000,-276682000,OKTA
2021-04-30,USD,184883000,228110000,287540000,66123000,-90681000,206701000,68863000,275564000,None,-22760000,4355000,22760000,250870000,4355000,None,14716000,-109222000,10000,22896000,-109232000,-109012000,-86462000,-71746000,-109232000,OKTA
2021-01-31,USD,172857000,212143000,241666000,61459000,-54437000,165880000,62490000,227294000,None,-22597000,340000,22937000,234740000,2263000,None,14133000,-74848000,626000,22597000,-75780000,-73153000,-51911000,-37778000,-75474000,OKTA
2020-10-31,USD,160471000,194922000,213905000,56908000,-51976000,154297000,58150000,212447000,None,-22368000,1878000,22368000,217290000,1878000,None,2700000,-72555000,209000,22457000,-72755000,-75714000,-50187000,-47487000,-72764000,OKTA
2020-07-31,USD,149299000,181341000,194768000,51147000,-45388000,140821000,53866000,194687000,None,-16931000,3960000,16931000,198272000,3960000,None,2800000,-60500000,-400000,19105000,-60133000,-58321000,-43569000,-40769000,-60100000,OKTA
2020-04-30,USD,134373000,172095000,198044000,48486000,-52199000,138078000,48494000,186572000,None,-10764000,4899000,10764000,182859000,4899000,None,11480000,-58064000,-402000,10764000,-57662000,-54812000,-47300000,-35820000,-57662000,OKTA
2020-01-31,USD,122644000,157681000,179736000,44683000,-44703000,123987000,43360000,167347000,None,-10646000,5743000,10646000,167327000,5743000,None,10947000,-49591000,881000,10646000,-50513000,-49715000,-38945000,-27998000,-50472000,OKTA
2019-10-31,USD,112213000,131439000,159535000,40824000,-45730000,116111000,41832000,157943000,None,-7826000,7826000,7826000,138465000,4982000,None,2600000,-63195000,300000,22398000,-63400000,-61707000,-55369000,-52769000,-63495000,OKTA
2019-07-31,USD,101700000,136876000,147052000,38780000,-43617000,105272000,40045000,145317000,None,-4304000,4304000,4304000,140480000,3464000,None,3000000,-44480000,-1500000,4304000,-42957000,-44176000,-40176000,-37176000,-42980000,OKTA
2019-04-30,USD,90128000,120982000,151401000,35095000,-51782000,107878000,34032000,141910000,None,-4241000,4241000,4241000,125223000,2900000,None,8428000,-53123000,-1157000,4241000,-51923000,-52104000,-48882000,-40454000,-51966000,OKTA
2019-01-31,USD,84085000,100399000,124864000,31386000,-27735000,81789000,30031000,111820000,None,-4179000,None,4179000,115471000,2969000,None,11689000,-28945000,1866000,4179000,-30811000,-30212000,-24766000,-13077000,-30811000,OKTA
2018-10-31,USD,75876000,105576000,108259000,29700000,-28479000,76759000,27596000,104355000,None,-4118000,None,4118000,105576000,2413000,None,1800000,-30217000,-700000,4118000,-29484000,-29955000,-26099000,-24299000,-29517000,OKTA
2018-07-31,USD,66358000,94586000,109387000,28228000,-38430000,79959000,24829000,104788000,None,-4058000,None,4058000,94586000,2296000,None,1200000,-40207000,-1000000,4058000,-39200000,-39509000,-36149000,-34949000,-39207000,OKTA
2018-04-30,USD,59514000,83621000,94442000,24107000,-24978000,64563000,19929000,84492000,None,-2717000,None,2717000,83621000,1502000,None,5772000,-26162000,-200000,2717000,-26000000,-26531000,-23445000,-17673000,-25962000,OKTA
2018-01-31,USD,54565000,77760000,90447000,22487000,-23713000,61260000,19349000,78278000,None,None,None,15072000,77052000,810000,None,5586000,-22866000,179000,None,-24715000,-22585000,-23713000,-18127000,-23045000,OKTA
2017-10-31,USD,45788000,68238000,85075000,21123000,-34515000,63152000,19190000,80303000,None,None,None,None,66911000,509000,None,800000,-34006000,-940000,None,-33760000,-33205000,-34515000,-33715000,-33066000,OKTA
2017-07-31,USD,40577000,60995000,71927000,19682000,-26185000,51545000,16923000,66762000,None,None,None,None,None,382000,None,700000,-25832000,200000,None,-26973000,-25863000,-26185000,-25485000,-26032000,OKTA
2017-04-30,USD,34862000,53007000,71021000,17463000,-27439000,48819000,15359000,62301000,None,None,None,None,None,-19000,None,4739000,-27506000,200000,None,-28900000,-27638000,-27439000,-22700000,-27706000,OKTA
2017-01-31,USD,33613000,48820000,15687000,15687000,-9514000,9090000,10532000,43127000,None,None,None,15072000,None,-99000,None,1391000,-9613000,158000,None,-75056000,-9751000,-9514000,-16576000,-9771000,OKTA
2016-10-31,USD,28180000,42283000,14103000,14103000,-21890000,7922000,9706000,50070000,None,None,None,None,None,50000,None,1205000,-21831000,100000,None,None,-22040000,-21890000,-20685000,-21931000,OKTA
2016-07-31,USD,23656000,37436000,13780000,13780000,-20562000,6142000,9655000,44218000,None,None,None,None,None,56000,None,1085000,-20501000,100000,None,None,-20701000,-20562000,-19477000,-20601000,OKTA
2016-04-30,USD,19408000,31787000,12379000,12379000,-22704000,6945000,8766000,42112000,None,None,None,None,None,32000,None,887000,-22672000,81000,None,None,-22674000,-22704000,-21817000,-22753000,OKTA
2023-12-31,USD,626760000,1020157000,393397000,426898000,184786000,290831000,109202000,419637000,None,-6884000,23981000,6884000,995017000,-5642000,None,16882000,196241000,35076000,6884000,161165000,203307000,203125000,220007000,161165000,AKAM
2023-09-30,USD,577422000,960497000,383075000,383075000,176129000,279635000,105942000,404385000,None,-4987000,11412000,4987000,965484000,-3161000,None,18108000,180868000,20326000,4987000,160542000,143034000,185855000,203963000,160542000,AKAM
2023-06-30,USD,559289000,932564000,373275000,373275000,149785000,288365000,99041000,403604000,None,-3157000,4509000,3157000,935721000,-1130000,None,15898000,150007000,21191000,3157000,128816000,130013000,153164000,169062000,128816000,AKAM
2023-03-31,USD,551701000,913017000,361316000,361316000,126638000,275246000,91863000,386618000,None,-2681000,5292000,2681000,915698000,-2363000,None,15912000,126886000,29780000,2681000,97106000,116277000,129567000,145479000,97106000,AKAM
2022-12-31,USD,569811000,927779000,357968000,357968000,167475000,279390000,105382000,406704000,None,-2684000,5018000,2684000,927779000,-1409000,None,17010000,168400000,39638000,2684000,569811000,175102000,171084000,188094000,128762000,AKAM
2022-09-30,USD,532661000,879111000,346450000,346450000,160438000,263360000,94047000,374981000,None,-2785000,782000,2785000,881896000,-275000,None,17374000,158160000,34466000,2785000,108154000,80101000,160945000,178319000,123694000,AKAM
2022-06-30,USD,553751000,900400000,346649000,346649000,175042000,267884000,92070000,377026000,None,-2932000,None,2932000,903332000,816000,None,16972000,170595000,32755000,2932000,119537000,83372000,173527000,190499000,137840000,AKAM
2022-03-31,USD,568200000,900952000,332752000,332752000,173319000,275981000,99935000,401811000,None,-2695000,None,2695000,903647000,-9565000,None,13644000,153213000,19837000,2695000,119163000,113870000,155908000,169552000,133376000,AKAM
2021-12-31,USD,579955000,905358000,325403000,325403000,196085000,272954000,93173000,387899000,3434000,-18317000,3434000,18317000,905358000,-222000,None,12600000,179550000,19016000,18317000,579955000,145155000,197867000,210467000,160534000,AKAM
2021-09-30,USD,525323000,842189000,316866000,316866000,205265000,242779000,82899000,337678000,2872000,-18144000,2872000,18144000,860333000,3635000,None,12000000,192564000,13648000,18144000,178916000,156747000,210708000,222708000,178916000,AKAM
2021-06-30,USD,514787000,834787000,320000000,320000000,199434000,246189000,77255000,335504000,4736000,-18037000,4736000,18037000,852824000,-811000,None,12060000,174506000,18009000,18037000,156497000,172287000,192543000,204603000,156497000,AKAM
2021-03-31,USD,518187000,824874000,306687000,306687000,182364000,253069000,82045000,347464000,4578000,-17834000,4578000,17834000,842708000,-817000,None,11427000,167593000,11898000,17834000,155695000,128549000,185427000,196854000,155695000,AKAM
2020-12-31,USD,542440000,846287000,303847000,303847000,134617000,302854000,67228000,412828000,6270000,-17342000,6270000,17342000,846287000,5415000,None,10845000,117528000,4158000,17342000,542440000,139023000,134870000,145715000,113370000,AKAM
2020-09-30,USD,492082000,775521000,283439000,283439000,181158000,251114000,66773000,328187000,6307000,-17324000,6307000,17324000,792845000,-2158000,None,10300000,167424000,8801000,17324000,158623000,170076000,184748000,195048000,158623000,AKAM
2020-06-30,USD,500662000,777466000,276804000,276804000,190429000,253178000,64090000,327668000,9502000,-17249000,9502000,17249000,794715000,-1603000,None,10400000,180586000,18671000,17249000,161915000,183603000,197835000,208235000,161915000,AKAM
2020-03-31,USD,478515000,747097000,268582000,268582000,152330000,251147000,71224000,345107000,7043000,-17205000,7043000,17205000,764302000,-4108000,None,10400000,137438000,14292000,17205000,123146000,89295000,154643000,165043000,123146000,AKAM
2019-12-31,USD,514373000,772123000,257750000,257750000,135322000,290169000,68898000,386086000,11402000,-16675000,11402000,16675000,772123000,-609000,None,9729000,129732000,10632000,16675000,514373000,130380000,146407000,156136000,119100000,AKAM
2019-09-30,USD,451686000,698624000,246938000,246938000,143289000,245474000,64887000,319685000,7908000,-12127000,7908000,12127000,709912000,-752000,None,9624000,136930000,-960000,12127000,137890000,123950000,149057000,158681000,137890000,AKAM
2019-06-30,USD,455354000,697547000,242193000,242193000,135782000,255222000,61439000,327051000,6410000,-8446000,6410000,8446000,705074000,-578000,None,9600000,133168000,19253000,8446000,113915000,118410000,141614000,151214000,113915000,AKAM
2019-03-31,USD,453649000,694392000,240743000,240743000,134525000,249111000,66141000,331240000,8635000,-12116000,8635000,12116000,706508000,511000,None,9599000,131555000,24425000,12116000,107130000,109063000,143671000,153270000,107130000,AKAM
2018-12-31,USD,469436000,713363000,243927000,243927000,120288000,267362000,60342000,350148000,7308000,-14582000,None,14582000,713363000,59000,None,8292000,113073000,19058000,14582000,469436000,93321000,127655000,135947000,94015000,AKAM
2018-09-30,USD,415816000,655062000,239246000,239246000,116537000,245234000,61049000,313845000,9258000,-14566000,None,14566000,669628000,-459000,None,8294000,110770000,3187000,14566000,107583000,101336000,125336000,133630000,107583000,AKAM
2018-06-30,USD,418068000,653555000,235487000,235487000,57117000,301886000,59709000,370155000,6409000,-9204000,None,9204000,662759000,-2769000,None,8294000,51553000,8492000,9204000,43061000,19424000,60757000,69051000,43061000,AKAM
2018-03-31,USD,433899000,668724000,234825000,234825000,68557000,276938000,65065000,365342000,3965000,-4850000,None,4850000,668724000,21000,None,8431000,67693000,13979000,4850000,53714000,57310000,72543000,80974000,53714000,AKAM
2017-12-31,USD,433512000,663452000,229940000,229937000,32109000,286529000,59673000,411112000,4487000,-4850000,None,4850000,658470000,473000,None,7829000,32219000,4699000,4850000,433515000,30643000,37069000,44898000,27520000,AKAM
2017-09-30,USD,395909000,621399000,225490000,225468000,91253000,244743000,57226000,310054000,4463000,-4746000,None,4746000,624440000,535000,None,7753000,91505000,27594000,4746000,60512000,71910000,96251000,104004000,63911000,AKAM
2017-06-30,USD,394228000,608908000,214680000,214650000,85593000,242950000,53373000,307047000,4281000,-4646000,None,4646000,605832000,563000,None,7753000,85791000,29039000,4646000,57772000,70640000,90437000,98190000,56752000,AKAM
2017-03-31,USD,394566000,600293000,205727000,205703000,105334000,228575000,52162000,288306000,4624000,-4597000,None,4597000,600293000,-684000,None,7569000,104677000,30094000,4597000,80930000,85320000,109274000,116843000,74583000,AKAM
2016-12-31,USD,412649000,616124000,203475000,203475000,130446000,235682000,46755000,290819000,4180000,-4680000,None,4680000,None,2784000,None,6617000,128135000,36496000,4680000,412649000,72740000,132815000,139432000,91639000,AKAM
2016-09-30,USD,379598000,584065000,204467000,204467000,111765000,215946000,42341000,267833000,3809000,-4666000,None,4666000,None,778000,None,6598000,111686000,35686000,4666000,76000000,74154000,116352000,122950000,76000000,AKAM
2016-06-30,USD,365812000,572135000,206323000,206323000,110180000,210761000,37690000,255632000,3393000,-4639000,None,4639000,None,415000,None,6711000,109349000,35714000,4639000,73635000,70811000,113988000,120699000,73635000,AKAM
2016-03-31,USD,372989000,567725000,194736000,194736000,114119000,204494000,40842000,258870000,3320000,-4653000,None,4653000,None,-189000,None,6716000,112597000,37739000,4653000,74858000,87519000,117250000,123966000,74858000,AKAM
2015-12-31,USD,385947000,579159000,193212000,193212000,122680000,218560000,37674000,313767000,2935000,-4641000,None,4641000,None,-499000,None,6783000,120475000,32055000,4641000,385947000,80486000,125116000,131899000,88420000,AKAM
2015-09-30,USD,367826000,551030000,183204000,183204000,115689000,206969000,38396000,252137000,2723000,-4630000,None,4630000,None,204000,None,6752000,113986000,25946000,4630000,88040000,78900000,118616000,125368000,88040000,AKAM
2015-06-30,USD,360813000,540723000,179910000,179910000,106260000,210653000,36693000,254553000,2541000,-4678000,None,4678000,None,-1605000,None,6752000,102518000,35318000,4678000,67200000,66734000,107196000,113948000,67200000,AKAM
2015-03-31,USD,357242000,526536000,169294000,169294000,121521000,193071000,35828000,235721000,3001000,-4576000,None,4576000,None,-301000,None,6780000,119645000,41899000,4576000,77746000,71444000,124221000,131001000,77746000,AKAM
2014-12-31,USD,373094000,536295000,163201000,163201000,136082000,196192000,32417000,341292000,2291000,-4524000,None,4524000,3884000,8000,None,8403000,133857000,36750000,4524000,373094000,89041000,138381000,146784000,97107000,AKAM
2014-09-30,USD,339230000,498042000,158812000,158812000,120239000,178120000,32583000,218991000,2010000,-4482000,None,4482000,-287000,-188000,None,8403000,117579000,26424000,4482000,91155000,79113000,122061000,130464000,91155000,AKAM
2014-06-30,USD,326717000,476035000,149318000,149318000,112351000,173342000,32052000,214366000,1740000,-4516000,None,4516000,177000,-899000,None,8403000,108676000,35790000,4516000,72886000,77019000,113192000,121595000,72886000,AKAM
2014-03-31,USD,313890000,453502000,139612000,139612000,120847000,157226000,28234000,197276000,1639000,-1941000,None,1941000,-215000,-881000,None,8838000,119664000,46864000,1941000,72800000,73254000,121605000,130443000,72800000,AKAM
2013-12-31,USD,302029000,435980000,133951000,133951000,115756000,153907000,26520000,258582000,1534000,0,None,0,771000,-395000,None,4894000,116895000,36546000,0,302029000,83692000,116895000,121789000,80349000,AKAM
2013-09-30,USD,263751000,395790000,132039000,132039000,99521000,134445000,24857000,164230000,1458000,0,None,0,2700000,-305000,None,4859000,100674000,20918000,0,79756000,85277000,100674000,105533000,79756000,AKAM
2013-06-30,USD,253401000,378106000,124705000,124705000,97503000,129176000,20597000,155898000,1446000,0,None,0,-1597000,341000,None,5734000,99321000,37426000,0,61895000,56523000,99321000,105055000,61895000,AKAM
2013-03-31,USD,247654000,368046000,120392000,120392000,101188000,118070000,21905000,146786000,1556000,0,None,0,100000,-132000,None,6060000,102664000,31177000,0,71487000,67544000,102664000,108724000,71487000,AKAM
2012-12-31,USD,238378000,377872000,139494000,111893000,95738000,144127000,20371000,247386000,1589000,None,None,None,1200000,200000,None,5351000,97528000,29236000,None,271279000,66169000,95738000,101089000,68292000,AKAM
2012-09-30,USD,211100000,345321000,134221000,109995000,80159000,130435000,19351000,155167000,1568000,None,None,None,-300000,-241000,None,5381000,81511000,33280000,None,48231000,52822000,80159000,85540000,48231000,AKAM
2012-06-30,USD,200046000,331306000,131260000,107457000,67011000,133879000,17542000,156838000,1622000,None,None,None,1000000,1131000,None,5463000,69768000,25529000,None,44239000,40438000,67011000,72474000,44239000,AKAM
2012-03-31,USD,194523000,319448000,124925000,102566000,71579000,122996000,17480000,145673000,1633000,None,None,None,400000,-441000,None,4767000,72784000,29557000,None,43227000,44179000,71579000,76346000,43227000,AKAM
2011-12-31,USD,221196000,323740000,102544000,102544000,79336000,117625000,15191000,204344000,1995000,0,None,0,800000,7455000,None,4270000,88154000,28073000,0,221196000,68121000,88154000,92424000,60081000,AKAM
2011-09-30,USD,188572000,281856000,93284000,93284000,65333000,105354000,13542000,123254000,2703000,0,None,0,0,-188000,None,4200000,68147000,25862000,0,42285000,32687000,68147000,72347000,42285000,AKAM
2011-06-30,USD,187342000,276989000,89647000,89647000,73232000,98812000,11006000,114110000,3021000,0,None,0,0,-107000,None,4292000,76221000,28300000,0,47921000,50678000,76221000,80513000,47921000,AKAM
2011-03-31,USD,186885000,275953000,89068000,89068000,72748000,97266000,12594000,151316000,2951000,0,None,0,1000000,-1035000,None,41134000,74673000,24056000,0,50617000,53900000,74673000,115807000,50617000,AKAM
2010-12-31,USD,198411000,284688000,86277000,86277000,72346000,108023000,13775000,175419000,2842000,-148000,None,148000,-5000,-1149000,None,39129000,73985000,21475000,153000,198411000,52158000,74133000,113262000,52510000,AKAM
2010-09-30,USD,175739000,253551000,77812000,77812000,59042000,98332000,14235000,116919000,2809000,-222000,None,222000,0,-1366000,None,36479000,60312000,20603000,222000,39709000,47438000,60534000,97013000,39709000,AKAM
2010-06-30,USD,173478000,245318000,71840000,71840000,56839000,98910000,13577000,117551000,3262000,-618000,None,618000,-294000,122000,None,34674000,59438000,21315000,912000,38123000,37467000,60056000,94730000,38123000,AKAM
2010-03-31,USD,172555000,240029000,67474000,67474000,66050000,89218000,13179000,137219000,3250000,-709000,None,709000,None,-75000,None,32960000,68637000,27759000,709000,172555000,39098000,69346000,102306000,40878000,AKAM
2009-12-31,USD,170725000,238305000,67580000,67580000,62222000,91841000,12520000,140109000,3410000,-709000,None,709000,None,-496000,None,32573000,64569000,24489000,709000,170725000,40080000,65278000,97851000,40080000,AKAM
2009-09-30,USD,144513000,206500000,61987000,61987000,50745000,78761000,10904000,94478000,3434000,-710000,None,710000,None,-659000,None,31565000,52893000,20148000,710000,32745000,32745000,53603000,85168000,32745000,AKAM
2009-06-30,USD,144591000,204600000,60009000,60009000,54394000,76581000,9378000,90907000,4059000,-710000,None,710000,None,184000,None,4238000,58032000,22025000,710000,36007000,36007000,58742000,62980000,36007000,AKAM
2009-03-31,USD,150006000,210368000,60362000,60362000,56119000,36068000,10856000,93433000,None,None,None,710000,None,None,None,28678000,61738000,24657000,None,None,None,61313000,89991000,37081000,AKAM
2008-12-31,USD,151866000,212554000,60688000,60688000,54840000,80389000,10477000,94517000,None,None,None,3086000,None,None,None,27452000,60073000,19540000,None,None,None,59487000,86939000,40533000,AKAM
2008-09-30,USD,140688000,197347000,56659000,56659000,51769000,75803000,9943000,88919000,None,None,None,684000,None,154000,None,24570000,56918000,23558000,None,None,None,51614000,75764000,33360000,AKAM
2008-06-30,USD,140316000,194004000,53688000,53688000,52315000,74991000,9519000,88001000,None,None,None,710000,None,-970000,None,23621000,56189000,21855000,None,None,None,53221000,76842000,34334000,AKAM
2023-12-31,USD,492000000,2924000000,2738000000,2540000000,-210000000,198000000,444000000,702000000,12000000,-108000000,12000000,108000000,3032000000,47000000,None,143000000,-259000000,28000000,108000000,-287000000,-149000000,-151000000,-8000000,-287000000,WDC
2023-09-30,USD,99000000,2739000000,3005000000,2651000000,-596000000,207000000,431000000,695000000,8000000,-98000000,8000000,98000000,2837000000,4000000,None,147000000,-682000000,3000000,98000000,-685000000,-768000000,-584000000,-437000000,-685000000,WDC
2023-06-30,USD,92000000,2583000000,2871000000,2580000000,-650000000,231000000,458000000,742000000,9000000,-89000000,9000000,89000000,2672000000,0,None,185000000,-730000000,-15000000,89000000,-715000000,-869000000,-641000000,-456000000,-715000000,WDC
2023-03-31,USD,286000000,2723000000,2799000000,2517000000,-472000000,242000000,476000000,758000000,10000000,-80000000,10000000,80000000,2803000000,13000000,None,213000000,-529000000,43000000,80000000,-572000000,-565000000,-449000000,-236000000,-572000000,WDC
2022-12-31,USD,528000000,3034000000,2890000000,2579000000,-321000000,250000000,523000000,849000000,3000000,-73000000,3000000,73000000,3107000000,10000000,None,214000000,-385000000,70000000,73000000,-446000000,-106000000,-312000000,-98000000,-451000000,WDC
2022-09-30,USD,981000000,3665000000,3242000000,2755000000,158000000,247000000,552000000,823000000,2000000,-70000000,2000000,70000000,3735000000,-6000000,None,216000000,84000000,57000000,70000000,27000000,-113000000,154000000,370000000,47000000,WDC
2022-06-30,USD,1445000000,4464000000,3548000000,3083000000,562000000,266000000,598000000,883000000,2000000,-75000000,2000000,75000000,4539000000,22000000,None,221000000,511000000,210000000,75000000,301000000,104000000,586000000,807000000,301000000,WDC
2022-03-31,USD,1181000000,4306000000,3485000000,3200000000,324000000,281000000,572000000,857000000,1000000,-75000000,1000000,75000000,4381000000,12000000,None,216000000,262000000,237000000,75000000,25000000,-115000000,337000000,553000000,25000000,WDC
2021-12-31,USD,1583000000,4757000000,3529000000,3250000000,727000000,279000000,575000000,856000000,1000000,-76000000,1000000,76000000,4833000000,-6000000,None,242000000,646000000,82000000,76000000,564000000,514000000,722000000,964000000,564000000,WDC
2021-09-30,USD,1665000000,4973000000,3942000000,3386000000,778000000,291000000,578000000,887000000,2000000,-78000000,2000000,78000000,5051000000,2000000,None,250000000,704000000,94000000,78000000,610000000,640000000,782000000,1032000000,610000000,WDC
2021-06-30,USD,1566000000,4845000000,3930000000,3354000000,675000000,297000000,598000000,891000000,1000000,-80000000,1000000,80000000,4925000000,0,None,251000000,596000000,-26000000,80000000,622000000,635000000,676000000,927000000,622000000,WDC
2021-03-31,USD,1091000000,4056000000,3333000000,3046000000,317000000,287000000,555000000,774000000,2000000,-81000000,2000000,81000000,4137000000,11000000,None,251000000,249000000,52000000,81000000,197000000,37000000,330000000,581000000,197000000,WDC
2020-12-31,USD,960000000,3862000000,3248000000,2983000000,158000000,265000000,535000000,802000000,2000000,-81000000,2000000,81000000,3943000000,6000000,None,336000000,85000000,23000000,81000000,62000000,113000000,166000000,502000000,62000000,WDC
2020-09-30,USD,904000000,3837000000,3671000000,3018000000,70000000,256000000,555000000,834000000,2000000,-84000000,2000000,84000000,3921000000,9000000,None,374000000,-3000000,57000000,84000000,-60000000,-4000000,81000000,455000000,-60000000,WDC
2020-06-30,USD,1083000000,4198000000,3857000000,3204000000,261000000,269000000,546000000,822000000,2000000,-87000000,2000000,87000000,4285000000,9000000,None,377000000,185000000,37000000,87000000,148000000,174000000,272000000,649000000,148000000,WDC
2020-03-31,USD,1005000000,4175000000,3459000000,3170000000,153000000,281000000,563000000,852000000,6000000,-99000000,6000000,99000000,4175000000,-14000000,None,384000000,46000000,29000000,99000000,153000000,-56000000,145000000,529000000,17000000,WDC
2019-12-31,USD,935000000,4234000000,3623000000,3299000000,50000000,298000000,578000000,885000000,8000000,-105000000,8000000,105000000,4234000000,7000000,None,399000000,-40000000,99000000,105000000,50000000,-159000000,65000000,464000000,-139000000,WDC
2019-09-30,USD,758000000,4040000000,3993000000,3282000000,-129000000,305000000,574000000,887000000,12000000,-122000000,12000000,122000000,4040000000,2000000,None,406000000,-237000000,39000000,122000000,-129000000,-298000000,-115000000,291000000,-276000000,WDC
2019-06-30,USD,465000000,3634000000,3908000000,3169000000,-381000000,299000000,523000000,846000000,14000000,-117000000,14000000,117000000,3634000000,10000000,None,416000000,-474000000,-277000000,117000000,-381000000,-381000000,-357000000,59000000,-197000000,WDC
2019-03-31,USD,579000000,3556000000,3524000000,3095000000,-394000000,353000000,544000000,973000000,13000000,-118000000,13000000,118000000,3674000000,22000000,None,444000000,-477000000,104000000,118000000,-581000000,-601000000,-359000000,85000000,-581000000,WDC
2018-12-31,USD,1044000000,4115000000,3518000000,3189000000,176000000,309000000,539000000,868000000,15000000,-118000000,None,118000000,4233000000,8000000,None,472000000,81000000,568000000,118000000,-487000000,-446000000,199000000,671000000,-487000000,WDC
2018-09-30,USD,1664000000,4910000000,4246000000,3364000000,686000000,356000000,576000000,978000000,15000000,-116000000,None,116000000,5026000000,-2000000,None,480000000,583000000,72000000,116000000,511000000,474000000,699000000,1179000000,511000000,WDC
2018-06-30,USD,1852000000,5117000000,4186000000,3265000000,843000000,352000000,577000000,1009000000,14000000,-114000000,None,114000000,5117000000,-14000000,None,489000000,729000000,-27000000,117000000,843000000,843000000,843000000,1332000000,756000000,WDC
2018-03-31,USD,1927000000,3959000000,3496000000,3086000000,914000000,376000000,602000000,1013000000,16000000,-160000000,None,160000000,-894000000,-898000000,None,499000000,-128000000,-189000000,1054000000,61000000,153000000,32000000,531000000,61000000,WDC
2017-12-31,USD,2013000000,5139000000,3752000000,3323000000,955000000,381000000,629000000,1058000000,14000000,-197000000,None,197000000,5336000000,2000000,None,535000000,774000000,1597000000,197000000,-823000000,-810000000,971000000,1506000000,-823000000,WDC
2017-09-30,USD,1913000000,4975000000,4221000000,3268000000,905000000,364000000,592000000,1008000000,16000000,-205000000,None,205000000,-1000000,-6000000,None,533000000,710000000,29000000,205000000,681000000,680000000,915000000,1448000000,681000000,WDC
2017-06-30,USD,1681000000,4842000000,4130000000,3161000000,652000000,345000000,604000000,1029000000,9000000,-201000000,None,201000000,-6000000,-45000000,None,546000000,415000000,135000000,201000000,652000000,652000000,616000000,1162000000,280000000,WDC
2017-03-31,USD,1523000000,4444000000,3507000000,3126000000,525000000,346000000,613000000,998000000,7000000,-205000000,None,205000000,-7000000,-23000000,None,560000000,304000000,56000000,205000000,248000000,349000000,509000000,1069000000,248000000,WDC
2016-12-31,USD,1533000000,4683000000,3754000000,3355000000,545000000,358000000,585000000,988000000,5000000,-205000000,None,205000000,-6000000,-24000000,None,514000000,321000000,86000000,205000000,235000000,-77000000,526000000,1040000000,235000000,WDC
2016-09-30,USD,1335000000,4474000000,4351000000,3379000000,232000000,396000000,639000000,1103000000,5000000,-236000000,None,236000000,-4000000,-272000000,None,508000000,-271000000,95000000,236000000,-366000000,-354000000,-35000000,473000000,-366000000,WDC
2016-06-30,USD,821000000,3495000000,3616000000,2674000000,-195000000,400000000,494000000,1016000000,11000000,-226000000,None,226000000,-9000000,-75000000,None,420000000,-485000000,-119000000,226000000,-195000000,-195000000,-259000000,161000000,-366000000,WDC
2016-03-31,USD,753000000,2822000000,140000000,2069000000,88000000,166000000,359000000,665000000,6000000,-14000000,None,14000000,-7000000,0,None,246000000,80000000,6000000,14000000,88000000,88000000,94000000,340000000,74000000,WDC
2015-12-31,USD,906000000,3317000000,27000000,2411000000,251000000,239000000,389000000,655000000,5000000,-13000000,None,13000000,-6000000,1000000,None,252000000,244000000,-7000000,13000000,251000000,251000000,257000000,509000000,251000000,WDC
2015-09-30,USD,955000000,3360000000,38000000,2405000000,322000000,192000000,385000000,633000000,5000000,-13000000,None,13000000,0,0,None,236000000,314000000,31000000,13000000,-76000000,-76000000,327000000,563000000,283000000,WDC
2015-06-30,USD,930000000,3191000000,104000000,2261000000,255000000,205000000,381000000,675000000,3000000,None,None,12000000,-3000000,4000000,None,250000000,247000000,27000000,None,255000000,255000000,255000000,505000000,220000000,WDC
2015-03-31,USD,1032000000,3550000000,2717000000,2518000000,421000000,199000000,402000000,611000000,3000000,None,None,12000000,-2000000,3000000,None,285000000,412000000,28000000,None,421000000,421000000,421000000,706000000,384000000,WDC
2014-12-31,USD,1110000000,3888000000,2942000000,2778000000,466000000,164000000,426000000,644000000,4000000,None,None,12000000,-8000000,4000000,None,290000000,458000000,20000000,None,466000000,466000000,466000000,756000000,438000000,WDC
2014-09-30,USD,1149000000,3943000000,3303000000,2794000000,469000000,220000000,437000000,680000000,4000000,None,None,13000000,-4000000,4000000,None,289000000,460000000,37000000,None,469000000,469000000,469000000,758000000,423000000,WDC
2014-06-30,USD,1029000000,3651000000,3139000000,2580000000,352000000,254000000,413000000,677000000,7000000,None,None,12000000,-77000000,7000000,None,308000000,347000000,30000000,None,352000000,317000000,352000000,660000000,317000000,WDC
2014-03-31,USD,1076000000,3699000000,2845000000,2643000000,419000000,201000000,426000000,657000000,4000000,None,None,17000000,-4000000,4000000,None,307000000,406000000,31000000,4000000,375000000,795000000,419000000,726000000,375000000,WDC
2013-12-31,USD,1156000000,3972000000,3060000000,2831000000,478000000,226000000,421000000,678000000,3000000,None,None,14000000,None,3000000,None,317000000,467000000,37000000,None,430000000,830000000,478000000,795000000,430000000,WDC
2013-09-30,USD,1099000000,3804000000,3160000000,2716000000,542000000,132000000,401000000,557000000,3000000,None,None,13000000,None,3000000,None,312000000,532000000,37000000,None,495000000,1006000000,542000000,854000000,495000000,WDC
2013-06-30,USD,1050000000,3728000000,3160000000,2678000000,-221000000,180000000,402000000,1271000000,3000000,None,None,12000000,None,3000000,None,302000000,-230000000,35000000,None,-221000000,-265000000,-221000000,81000000,-265000000,WDC
2013-03-31,USD,1061000000,3764000000,2888000000,2703000000,417000000,185000000,396000000,644000000,3000000,None,None,14000000,None,3000000,None,309000000,406000000,15000000,None,391000000,793000000,417000000,726000000,391000000,WDC
2012-12-31,USD,1059000000,3824000000,2927000000,2765000000,478000000,162000000,378000000,581000000,3000000,None,None,13000000,None,3000000,None,309000000,468000000,133000000,None,335000000,664000000,478000000,787000000,335000000,WDC
2012-09-30,USD,1193000000,4035000000,3334000000,2842000000,592000000,179000000,396000000,601000000,2000000,None,None,16000000,None,2000000,None,313000000,578000000,59000000,None,519000000,1067000000,592000000,905000000,519000000,WDC
2012-06-30,USD,1472000000,4754000000,3855000000,3282000000,808000000,178000000,406000000,664000000,3000000,0,None,0,None,3000000,None,339000000,802000000,57000000,0,808000000,745000000,808000000,1141000000,745000000,WDC
2012-03-31,USD,977000000,3034000000,2213000000,2058000000,542000000,155000000,265000000,435000000,3000000,-1000000,None,1000000,None,3000000,None,188000000,538000000,55000000,1000000,483000000,483000000,542000000,727000000,483000000,WDC
2011-12-31,USD,648000000,1995000000,1443000000,1347000000,162000000,96000000,191000000,486000000,3000000,None,None,2000000,None,3000000,None,140000000,160000000,15000000,None,145000000,145000000,162000000,302000000,145000000,WDC
2011-09-30,USD,541000000,2694000000,2400000000,2153000000,259000000,89000000,193000000,282000000,3000000,None,None,1000000,None,3000000,None,158000000,258000000,19000000,None,239000000,239000000,259000000,417000000,239000000,WDC
2011-06-30,USD,469000000,2403000000,2193000000,1934000000,172000000,84000000,188000000,297000000,3000000,None,None,4000000,None,3000000,None,150000000,171000000,13000000,None,172000000,158000000,172000000,322000000,158000000,WDC
2011-03-31,USD,410000000,2252000000,1915000000,1842000000,158000000,73000000,179000000,252000000,2000000,None,None,1000000,None,2000000,None,151000000,159000000,13000000,None,158000000,146000000,158000000,309000000,146000000,WDC
2010-12-31,USD,475000000,2475000000,2000000000,2000000000,240000000,66000000,169000000,235000000,2000000,None,None,3000000,None,2000000,None,151000000,239000000,14000000,None,225000000,225000000,240000000,391000000,225000000,WDC
2010-09-30,USD,437000000,2396000000,2168000000,1959000000,211000000,59000000,167000000,226000000,2000000,None,None,2000000,None,2000000,None,150000000,211000000,14000000,None,211000000,197000000,211000000,361000000,197000000,WDC
2010-06-30,USD,535000000,2382000000,-27000000,1847000000,293000000,88000000,155000000,243000000,1000000,None,None,1000000,None,1000000,None,134000000,293000000,28000000,None,293000000,265000000,293000000,427000000,265000000,WDC
2010-03-31,USD,665000000,2641000000,1976000000,1976000000,441000000,64000000,160000000,224000000,1000000,None,None,2000000,None,1000000,None,129000000,440000000,40000000,None,400000000,400000000,441000000,570000000,400000000,WDC
2010-12-31,USD,687000000,2619000000,1932000000,1932000000,473000000,66000000,154000000,214000000,1000000,None,None,3000000,None,2000000,None,126000000,471000000,42000000,None,429000000,429000000,473000000,599000000,429000000,WDC
2009-09-30,USD,514000000,2208000000,1815000000,1694000000,319000000,53000000,142000000,195000000,1000000,None,None,3000000,None,1000000,None,121000000,317000000,29000000,None,288000000,288000000,319000000,440000000,288000000,WDC
2009-06-30,USD,370000000,1929000000,1559000000,1559000000,209000000,52000000,132000000,161000000,None,None,None,3000000,None,None,None,121000000,207000000,11000000,None,None,None,209000000,330000000,196000000,WDC
2009-03-31,USD,253000000,1592000000,1339000000,1339000000,61000000,49000000,125000000,192000000,None,None,None,4000000,None,None,None,119000000,58000000,8000000,None,None,None,61000000,180000000,50000000,WDC
2008-12-31,USD,290000000,1823000000,1533000000,1533000000,16000000,42000000,119000000,274000000,None,None,None,11000000,None,None,None,122000000,7000000,-7000000,None,None,None,16000000,138000000,14000000,WDC
2008-09-30,USD,424000000,2109000000,1685000000,1685000000,234000000,57000000,133000000,190000000,None,None,None,8000000,None,None,None,117000000,230000000,19000000,None,None,None,234000000,351000000,211000000,WDC
