fiscalDateEnding,reportedCurrency,grossProfit,totalRevenue,costOfRevenue,costofGoodsAndServicesSold,operatingIncome,sellingGeneralAndAdministrative,researchAndDevelopment,operatingExpenses,investmentIncomeNet,netInterestIncome,interestIncome,interestExpense,nonInterestIncome,otherNonOperatingIncome,depreciation,depreciationAndAmortization,incomeBeforeTax,incomeTaxExpense,interestAndDebtExpense,netIncomeFromContinuingOperations,comprehensiveIncomeNetOfTax,ebit,ebitda,netIncome,Symbol
2024-03-01,USD,4592000000,5182000000,590000000,42000000,907000000,1704000000,939000000,3685000000,None,-27000000,None,27000000,None,70000000,None,84000000,968000000,348000000,27000000,620000000,628000000,995000000,1079000000,620000000,ADBE
2023-12-01,USD,4414000000,5048000000,634000000,49000000,1743000000,1740000000,889000000,2671000000,None,-28000000,None,28000000,None,89000000,None,326000000,1808000000,325000000,28000000,1483000000,1483000000,1836000000,2162000000,1483000000,ADBE
2023-09-01,USD,4310000000,4890000000,580000000,50000000,1697000000,1690000000,881000000,2613000000,None,-27000000,None,27000000,None,67000000,None,92000000,1743000000,340000000,27000000,1403000000,1415000000,1770000000,1862000000,1403000000,ADBE
2023-06-02,USD,4244000000,4816000000,572000000,572000000,1624000000,357000000,876000000,2620000000,None,-26000000,None,26000000,None,47000000,None,267000000,1650000000,355000000,None,1295000000,1305000000,1676000000,1772000000,1295000000,ADBE
2023-03-03,USD,4087000000,4655000000,568000000,54000000,1586000000,1632000000,827000000,2501000000,None,-32000000,None,32000000,None,43000000,None,96000000,1598000000,351000000,32000000,1247000000,1233000000,1630000000,1726000000,1247000000,ADBE
2022-12-02,USD,3957000000,4525000000,568000000,60000000,1505000000,1637000000,773000000,2452000000,None,-28000000,None,28000000,None,36000000,None,291000000,1517000000,341000000,28000000,1176000000,1107000000,1545000000,1836000000,1176000000,ADBE
2022-09-02,USD,3887000000,4433000000,546000000,58000000,1484000000,1585000000,775000000,2403000000,None,-28000000,None,28000000,None,6000000,None,101000000,1456000000,320000000,28000000,1136000000,1107000000,1484000000,1585000000,1136000000,ADBE
2022-06-03,USD,3847000000,4386000000,539000000,59000000,1529000000,1538000000,738000000,2318000000,None,-28000000,None,28000000,None,-1000000,None,101000000,1492000000,314000000,28000000,1178000000,1160000000,1520000000,1621000000,1178000000,ADBE
2022-03-04,USD,3750000000,4262000000,512000000,59000000,1580000000,1427000000,701000000,2170000000,None,-28000000,None,28000000,None,0,None,101000000,1543000000,277000000,28000000,1266000000,1226000000,1571000000,1672000000,1266000000,ADBE
2021-12-03,USD,3603000000,4110000000,507000000,51000000,1501000000,1405000000,657000000,2102000000,None,-28000000,None,28000000,None,-1000000,None,299000000,1468000000,235000000,28000000,1233000000,1227000000,1496000000,1795000000,1233000000,ADBE
2021-09-03,USD,3468000000,3935000000,467000000,40000000,1441000000,1333000000,651000000,2027000000,None,-27000000,None,27000000,None,-3000000,None,83000000,1418000000,206000000,27000000,1212000000,1202000000,1445000000,1528000000,1212000000,ADBE
2021-06-04,USD,3391000000,3835000000,444000000,44000000,1406000000,1329000000,612000000,1985000000,None,-28000000,None,28000000,None,0,None,88000000,1386000000,270000000,28000000,1116000000,1136000000,1414000000,1502000000,1116000000,ADBE
2021-03-05,USD,3458000000,3905000000,447000000,45000000,1454000000,1339000000,620000000,2004000000,None,-30000000,None,30000000,None,4000000,None,90000000,1433000000,172000000,30000000,1261000000,1278000000,1463000000,1553000000,1261000000,ADBE
2020-11-27,USD,2996000000,3424000000,428000000,47000000,1215000000,1184000000,558000000,1781000000,6000000,-27000000,6000000,27000000,-3000000,3000000,None,278000000,1197000000,-1053000000,27000000,1197000000,2245000000,1224000000,1502000000,2250000000,ADBE
2020-08-28,USD,2798000000,3225000000,427000000,51000000,1069000000,1122000000,566000000,1729000000,7000000,-28000000,7000000,28000000,1000000,9000000,None,92000000,1060000000,105000000,28000000,955000000,997000000,1088000000,1180000000,955000000,ADBE
2020-05-29,USD,2713000000,3128000000,415000000,52000000,1016000000,1125000000,532000000,1697000000,11000000,-28000000,11000000,28000000,1000000,12000000,None,92000000,1000000000,-100000000,28000000,1100000000,1094000000,1028000000,1120000000,1100000000,ADBE
2020-02-28,USD,2639000000,3091000000,452000000,54000000,937000000,1128000000,532000000,1702000000,19000000,-33000000,19000000,33000000,-1000000,18000000,None,96000000,919000000,-36000000,33000000,955000000,954000000,952000000,1048000000,955000000,ADBE
2019-11-29,USD,2540000000,2992000000,452000000,54800000,970000000,1027526000,499806000,1570000000,18212000,-36515000,-515000,36000000,588000,18255000,None,270700000,958000000,106000000,36515000,957147000,857000000,994000000,1264700000,852000000,ADBE
2019-08-30,USD,2418000000,2834000000,416000000,58800000,854000000,1031570000,489827000,1564000000,17760000,-39529000,471000,40000000,-1292000,17000000,None,101800000,835000000,42000000,39529000,792763000,743000000,875000000,976800000,793000000,ADBE
2019-05-31,USD,2337000000,2744000000,407000000,55400000,750000000,1068261000,475958000,1587000000,16278000,-40577000,-577000,40000000,-13692000,2558000,None,98400000,711000000,78000000,40577000,632593000,639000000,751000000,849400000,633000000,ADBE
2019-03-01,USD,2204000000,2601000000,397000000,58000000,695000000,997000000,465000000,1509000000,16000000,-41000000,16071000,41000000,-12000000,4000000,None,105000000,702000000,28000000,41000000,702334000,672000000,743000000,848000000,674000000,ADBE
2018-11-30,USD,2105364000,2464625000,359262000,-744438000,720177000,935928000,415958000,1385178000,22578000,-27873000,-242000,27631000,-12152000,9657000,None,224200000,699115000,20875000,27873000,699217000,658693000,726746000,950946000,678240000,ADBE
2018-08-31,USD,1995584000,2291076000,295492000,295492000,718606000,854147000,398957000,1276978000,21561000,-21107000,None,21107000,-10349000,1608000,None,47000000,701358000,35067000,21107000,666291000,667473000,722465000,769465000,666291000,ADBE
2018-06-01,USD,1914016000,2195360000,281344000,17400000,698484000,824255000,374128000,1215532000,25771000,-20363000,None,20363000,-14222000,11599000,None,34600000,690799000,27632000,20363000,690799000,643876000,711162000,745762000,663167000,ADBE
2018-03-02,USD,1820045000,2078947000,258902000,16700000,702733000,751397000,348769000,1117312000,22630000,-19899000,None,19899000,-5889000,52000,None,33900000,702502000,119426000,19899000,702502000,584958000,722401000,756301000,583076000,ADBE
2017-12-01,USD,1735723000,2006595000,270872000,-663519000,649340000,743671000,324026000,1086383000,19516000,-19116000,None,19116000,-9085000,11000,None,194200000,643012000,141463000,19116000,643012000,488358000,662128000,856328000,501549000,ADBE
2017-09-01,USD,1578152000,1841074000,262922000,262922000,545674000,697495000,315555000,1032478000,17180000,-18809000,None,18809000,-4140000,11000,None,39100000,541379000,121810000,18809000,541379000,467691000,560188000,599288000,419569000,ADBE
2017-06-02,USD,1532830000,1772190000,239360000,239360000,504082000,710027000,299401000,1028748000,15216000,-18347000,None,18347000,-10349000,41000,None,39100000,492618000,118228000,18347000,492618000,413046000,510965000,550065000,374390000,ADBE
2017-03-03,USD,1444309000,1681646000,237337000,237337000,468999000,671105000,285077000,975310000,14157000,-18130000,None,18130000,-7131000,20000,None,38100000,460632000,62186000,18130000,460632000,386639000,478762000,516862000,398446000,ADBE
2016-12-02,USD,1391863000,1608419000,216556000,216556000,472280000,643234000,257849000,919583000,13330000,-17518000,None,17518000,-12711000,21000,None,194600000,456700000,57087000,17518000,456700000,360122000,474218000,668818000,399613000,ADBE
2016-09-02,USD,1261266000,1463967000,202701000,202701000,369325000,620839000,248450000,891941000,11849000,-17281000,None,17281000,-10001000,8000,None,40000000,356301000,85513000,17281000,356301000,269723000,373582000,413582000,270788000,ADBE
2016-06-03,USD,1196630000,1398709000,202079000,202079000,344239000,600919000,232484000,852391000,11482000,-17174000,None,17174000,-6474000,5000,None,37800000,329830000,85756000,17174000,329830000,262707000,347004000,384804000,244074000,ADBE
2016-03-04,USD,1184763000,1383335000,198572000,198572000,307758000,621407000,237204000,877005000,10677000,-18469000,None,18469000,-6530000,-4000,None,37600000,292307000,38000000,18469000,292307000,271708000,310776000,348376000,254307000,ADBE
2015-11-27,USD,1105043000,1306404000,201361000,201361000,290434000,575524000,220514000,814609000,8232000,-16515000,None,16515000,-8200000,21542000,None,189200000,296940000,74235000,16515000,296940000,194456000,313455000,502655000,222705000,ADBE
2015-08-28,USD,1026783000,1217768000,190985000,190985000,246019000,544609000,218660000,780764000,7394000,-16519000,None,16519000,-3690000,159000,None,46300000,232619000,58154000,16519000,174465000,163106000,249138000,295438000,174465000,ADBE
2015-05-29,USD,976985000,1162158000,185173000,185173000,193617000,557206000,208047000,783368000,6846000,-16605000,None,16605000,-3994000,254000,None,45600000,180974000,33481000,16605000,147493000,121831000,197579000,243179000,147493000,ADBE
2015-02-27,USD,942383000,1109181000,166798000,166798000,173025000,537822000,215509000,769358000,6288000,-14545000,None,14545000,-4247000,370000,None,39500000,163248000,78360000,14545000,84888000,-10828000,177793000,217293000,84888000,ADBE
2014-11-28,USD,912385000,1073328000,160943000,160943000,124505000,542396000,213687000,787880000,5706000,-12678000,None,12678000,-6680000,74000,None,181800000,112275000,24139000,12678000,112275000,59975000,124953000,306753000,88136000,ADBE
2014-08-29,USD,847685000,1005409000,157724000,157724000,74176000,548151000,212049000,773509000,5274000,-13361000,None,13361000,-5094000,240000,None,39100000,62938000,18252000,13361000,44686000,18110000,76299000,115399000,44686000,ADBE
2014-05-30,USD,913304000,1068208000,154904000,154904000,135258000,555968000,209092000,778046000,5240000,-17103000,None,17103000,-4263000,335000,None,37600000,121271000,32744000,17103000,88527000,78578000,138374000,175974000,88527000,ADBE
2014-02-28,USD,851611000,1000120000,148509000,148509000,78746000,549125000,209525000,772865000,5134000,-16590000,None,16590000,-2803000,177000,None,41100000,64892000,17846000,16590000,47046000,57535000,81482000,122582000,47046000,ADBE
2013-11-29,USD,894183000,1041699000,147516000,147516000,102836000,569898000,205196000,791347000,5267000,-16722000,None,16722000,-8322000,304000,None,184500000,88270000,22950000,16722000,88270000,98457000,104992000,289492000,65320000,ADBE
2013-08-30,USD,848043000,995119000,147076000,147076000,110354000,516716000,208700000,737689000,5332000,-16747000,None,16747000,-3847000,293000,None,42200000,93260000,10258000,16747000,83002000,68508000,110007000,152207000,83002000,ADBE
2013-05-31,USD,875268000,1010549000,135281000,135281000,111309000,523078000,203097000,763959000,5606000,-17205000,None,17205000,-5418000,293000,None,37500000,91127000,14581000,17205000,76546000,63897000,108332000,145832000,76546000,ADBE
2013-03-01,USD,851189000,1007873000,156684000,156684000,98224000,530886000,209638000,752965000,5681000,-16834000,None,16834000,-6174000,155000,None,38600000,83484000,18367000,16834000,83484000,74515000,100318000,138918000,65117000,ADBE
2012-11-30,USD,1028450000,1153428000,124978000,124978000,307765000,513630000,195047000,720685000,5853000,-16767000,None,16767000,-8626000,-125000,None,171900000,290631000,68298000,16767000,290631000,230534000,307398000,479298000,222333000,ADBE
2012-08-31,USD,960959000,1080580000,119621000,119621000,278304000,478805000,189145000,682655000,6575000,-17253000,None,17253000,-6458000,203000,None,36100000,263212000,61855000,17253000,201357000,203252000,280465000,316565000,201357000,ADBE
2012-06-01,USD,993531000,1124449000,130918000,130918000,305143000,497062000,180903000,688388000,5929000,-16629000,None,16629000,-7738000,268000,None,39500000,294574000,70698000,16629000,294574000,197744000,311203000,350703000,223876000,ADBE
2012-03-02,USD,936955000,1045220000,108265000,108265000,288979000,461644000,177728000,647976000,6193000,-16838000,None,16838000,-9721000,246000,None,33100000,270377000,85168000,16838000,270377000,202007000,287215000,320315000,185209000,ADBE
2011-12-02,USD,1035782000,1152161000,116379000,116379000,246131000,487916000,195403000,789651000,6440000,-16774000,None,16774000,-22959000,164000,None,152000000,233180000,59461000,16774000,233180000,144475000,249954000,401954000,173719000,ADBE
2011-09-02,USD,908558000,1013212000,104654000,104654000,274110000,439217000,181039000,634448000,6102000,-16431000,None,16431000,-6637000,140000,None,30200000,256719000,61618000,16431000,256719000,199953000,273150000,303350000,195101000,ADBE
2011-06-03,USD,913978000,1023179000,109201000,109201000,276724000,444237000,183211000,637254000,5865000,-16727000,None,16727000,-7629000,296000,None,33600000,259244000,29808000,16727000,259244000,255083000,275971000,309571000,229436000,ADBE
2011-03-04,USD,920067000,1027706000,107639000,107639000,302334000,429057000,178400000,617733000,6099000,-17020000,None,17020000,-7774000,314000,None,66286000,286087000,51496000,17020000,286087000,245858000,303107000,369393000,234591000,ADBE
2010-12-03,USD,900729000,1007946000,107217000,107217000,286943000,423031000,170378000,613786000,5948000,-16786000,None,16786000,2787000,174000,None,76097000,286011000,17161000,16786000,286011000,264707000,302797000,378894000,268850000,ADBE
2010-09-03,USD,891235000,990319000,99084000,99084000,302013000,405396000,168296000,589222000,5883000,-16395000,None,16395000,865000,255000,None,73154000,296752000,66687000,16395000,296752000,211641000,313147000,386301000,230065000,ADBE
2010-06-04,USD,835202000,943035000,107833000,107833000,227285000,410929000,167318000,607917000,4986000,-16076000,None,16076000,-12190000,536000,None,74906000,194173000,45562000,16076000,194173000,159496000,210249000,285155000,148611000,ADBE
2010-03-05,USD,769332000,858700000,89368000,89368000,176833000,388340000,174340000,592499000,5105000,-7695000,None,7695000,-5084000,248000,None,68581000,166215000,39061000,7695000,166215000,131817000,173910000,242491000,127154000,ADBE
2009-11-27,USD,674959000,757283000,82324000,82324000,153642000,332170000,137852000,521317000,6323000,-1535000,None,1535000,-7234000,377000,None,85037000,160212000,192255000,1535000,160212000,-29325000,161747000,246784000,-32043000,ADBE
2009-08-28,USD,632460000,697507000,65047000,65047000,167602000,310913000,138902000,464858000,7616000,-460000,None,460000,-3545000,147000,None,63921000,174416000,38371000,460000,136045000,130463000,174876000,238797000,136045000,ADBE
2009-05-29,USD,632665000,704673000,72008000,72008000,161353000,70818000,138470000,471312000,None,None,None,620000,None,324000,None,64725000,163730000,37659000,None,None,None,164350000,229075000,126071000,ADBE
2009-02-27,USD,709037000,786390000,77353000,77353000,207916000,74051000,149917000,501121000,None,None,None,792000,None,221000,None,68740000,203162000,46727000,None,None,None,203954000,272694000,156435000,ADBE
2008-11-28,USD,828863000,915301000,86438000,86438000,273193000,337291000,153148000,555670000,None,None,None,1992000,None,368000,None,67428000,276344000,30427000,None,None,None,278336000,345764000,245917000,ADBE
2008-08-29,USD,776406000,887257000,110851000,110851000,219469000,97156000,170124000,556937000,None,None,None,2390000,None,854000,None,64983000,228514000,36906000,None,None,None,230904000,295887000,191608000,ADBE
2008-05-30,USD,804020000,886886000,82866000,82866000,260178000,77078000,170300000,543842000,None,None,None,3828000,None,None,None,68656000,278006000,63096000,None,None,None,281834000,346662000,214910000,ADBE
2024-01-27,USD,8217000000,12680000000,7739000000,4574000000,3096000000,3100000000,1943000000,5121000000,324000000,-120000000,324000000,120000000,12768000000,-139000000,None,66000000,3161000000,527000000,120000000,2634000000,3147000000,3281000000,3347000000,2634000000,CSCO
2023-10-28,USD,9557000000,14565000000,8481000000,5111000000,4276000000,3178000000,1913000000,5281000000,360000000,-111000000,360000000,111000000,14648000000,-83000000,None,67000000,4442000000,804000000,111000000,3638000000,3188000000,4553000000,4620000000,3638000000,CSCO
2023-07-29,USD,9748000000,15114000000,9001000000,5455000000,4253000000,3269000000,1953000000,5495000000,312000000,-111000000,312000000,111000000,15197000000,17000000,None,70000000,4471000000,513000000,111000000,3958000000,3989000000,4582000000,4652000000,3958000000,CSCO
2023-04-29,USD,9232000000,14491000000,8572000000,5339000000,3946000000,3167000000,1962000000,5286000000,262000000,-109000000,153000000,109000000,14565000000,-142000000,None,70000000,3957000000,745000000,109000000,3212000000,3192000000,4066000000,4136000000,3212000000,CSCO
2023-01-28,USD,8427000000,13516000000,8198000000,5165000000,3292000000,2966000000,1855000000,5135000000,219000000,-107000000,112000000,107000000,13589000000,11000000,None,71000000,3415000000,642000000,107000000,2773000000,3305000000,3522000000,3593000000,2773000000,CSCO
2022-10-29,USD,8346000000,13563000000,8307000000,5286000000,3540000000,2956000000,1781000000,4806000000,169000000,-100000000,169000000,100000000,13626000000,-134000000,None,71000000,3475000000,805000000,100000000,2670000000,2174000000,3575000000,3646000000,2670000000,CSCO
2022-07-30,USD,8025000000,13037000000,7981000000,5077000000,3434000000,2838000000,1682000000,4591000000,129000000,-93000000,129000000,93000000,13093000000,-54000000,None,73000000,3416000000,601000000,93000000,2815000000,2656000000,3509000000,3582000000,2815000000,CSCO
2022-04-30,USD,8121000000,12762000000,7556000000,4714000000,3610000000,2726000000,1708000000,4511000000,115000000,-90000000,115000000,90000000,12837000000,166000000,None,77000000,3801000000,757000000,90000000,3044000000,2370000000,3891000000,3968000000,3044000000,CSCO
2022-01-29,USD,8049000000,12695000000,7550000000,4671000000,3487000000,2810000000,1670000000,4562000000,111000000,-88000000,111000000,88000000,12730000000,93000000,None,79000000,3603000000,630000000,88000000,2973000000,2657000000,3691000000,3770000000,2973000000,CSCO
2021-10-30,USD,8053000000,12882000000,7730000000,4847000000,3438000000,2812000000,1714000000,4615000000,121000000,-89000000,121000000,89000000,12906000000,187000000,None,84000000,3657000000,677000000,89000000,2980000000,2924000000,3746000000,3830000000,2980000000,CSCO
2021-07-31,USD,8344000000,13091000000,7830000000,4782000000,3575000000,2969000000,1713000000,4769000000,130000000,-98000000,130000000,98000000,13133000000,128000000,None,79000000,3735000000,726000000,98000000,3009000000,2880000000,3833000000,3912000000,3009000000,CSCO
2021-05-01,USD,8185000000,12779000000,7589000000,4618000000,3465000000,2920000000,1697000000,4720000000,153000000,-111000000,153000000,111000000,12825000000,84000000,None,61000000,3591000000,728000000,111000000,2863000000,2793000000,3702000000,3763000000,2863000000,CSCO
2021-01-23,USD,7784000000,11923000000,6968000000,4176000000,3223000000,2761000000,1527000000,4561000000,161000000,-113000000,161000000,113000000,11969000000,-16000000,None,39000000,3255000000,710000000,113000000,2545000000,2774000000,3368000000,3407000000,2545000000,CSCO
2020-10-24,USD,7581000000,11897000000,7746000000,4348000000,2570000000,2761000000,1612000000,5011000000,174000000,-112000000,174000000,112000000,11944000000,49000000,None,36000000,2681000000,507000000,112000000,2174000000,2246000000,2793000000,2829000000,2174000000,CSCO
2020-07-25,USD,7684000000,12154000000,7353000000,4470000000,3247000000,2712000000,1565000000,4437000000,187000000,-119000000,187000000,119000000,12154000000,-9000000,None,33000000,3306000000,670000000,119000000,3247000000,3226000000,3425000000,3458000000,2636000000,CSCO
2020-04-25,USD,7771000000,11931000000,6884000000,4212000000,3414000000,2649000000,1546000000,4357000000,218000000,-130000000,218000000,130000000,11978000000,-58000000,None,34000000,3444000000,670000000,130000000,2774000000,2365000000,3574000000,3608000000,2774000000,CSCO
2020-01-25,USD,7764000000,11920000000,7027000000,4241000000,3380000000,2734000000,1570000000,4384000000,242000000,-158000000,242000000,158000000,12019000000,70000000,None,38000000,3534000000,656000000,158000000,2878000000,2993000000,3692000000,3730000000,2878000000,CSCO
2019-10-26,USD,8464000000,13036000000,7938000000,4695000000,3579000000,2999000000,1666000000,4885000000,273000000,-178000000,273000000,178000000,13168000000,12000000,None,36000000,3686000000,760000000,178000000,2926000000,2903000000,3864000000,3900000000,2926000000,CSCO
2019-07-27,USD,8574000000,13428000000,7974000000,4854000000,3690000000,3053000000,1753000000,4884000000,305000000,-204000000,305000000,204000000,13428000000,-87000000,None,38000000,3704000000,1498000000,204000000,3690000000,2310000000,3908000000,3946000000,2206000000,CSCO
2019-04-27,USD,8173000000,12700000000,7767000000,4785000000,3513000000,2944000000,1659000000,4660000000,331000000,-211000000,331000000,211000000,12910000000,-18000000,None,39000000,3615000000,571000000,211000000,3044000000,3258000000,3826000000,3865000000,3044000000,CSCO
2019-01-26,USD,7773000000,12289000000,7493000000,4673000000,3211000000,2780000000,1557000000,4562000000,328000000,-223000000,None,223000000,12513000000,27000000,None,39000000,3343000000,521000000,223000000,2822000000,2930000000,3566000000,3605000000,2822000000,CSCO
2018-10-27,USD,8146000000,12846000000,7654000000,4926000000,3805000000,2621000000,1608000000,4341000000,344000000,-221000000,None,221000000,13062000000,-19000000,None,34000000,3909000000,360000000,221000000,3549000000,3348000000,4130000000,4164000000,3549000000,CSCO
2018-07-28,USD,7922000000,12844000000,4922000000,4922000000,3346000000,2891000000,1626000000,4576000000,353000000,-224000000,None,224000000,12844000000,117000000,None,33000000,3592000000,-211000000,224000000,3346000000,3558000000,3816000000,3849000000,3803000000,CSCO
2018-04-28,USD,7759000000,12463000000,4704000000,4704000000,3134000000,2886000000,1590000000,4625000000,380000000,-237000000,None,237000000,12424000000,-24000000,None,67000000,3253000000,562000000,237000000,2691000000,1959000000,3490000000,3557000000,2691000000,CSCO
2018-01-27,USD,7498000000,11887000000,4389000000,4389000000,3073000000,2718000000,1549000000,4425000000,396000000,-247000000,None,247000000,11791000000,10000000,None,60000000,3232000000,12010000000,247000000,-8778000000,-8726000000,3479000000,3539000000,-8778000000,CSCO
2017-10-28,USD,7427000000,12136000000,4709000000,4709000000,2756000000,2891000000,1567000000,4671000000,379000000,-235000000,None,235000000,12140000000,62000000,None,61000000,2962000000,568000000,235000000,2394000000,2379000000,3197000000,3258000000,2394000000,CSCO
2017-07-29,USD,7546000000,12133000000,4587000000,4587000000,3034000000,2813000000,1499000000,4512000000,360000000,-222000000,None,222000000,None,8000000,None,58000000,3180000000,756000000,222000000,3034000000,2812000000,3402000000,3460000000,2424000000,CSCO
2017-04-29,USD,7518000000,11940000000,4422000000,4422000000,3169000000,2713000000,1507000000,4349000000,354000000,-219000000,None,219000000,None,-113000000,None,59000000,3191000000,676000000,219000000,2515000000,2974000000,3410000000,3469000000,2515000000,CSCO
2017-01-28,USD,7276000000,11580000000,4304000000,4304000000,2893000000,2678000000,1508000000,4383000000,329000000,-222000000,None,222000000,None,-37000000,None,64000000,2963000000,615000000,222000000,2348000000,2071000000,3185000000,3249000000,2348000000,CSCO
2016-10-29,USD,7884000000,12352000000,4468000000,4468000000,2877000000,2973000000,1545000000,5007000000,295000000,-198000000,None,198000000,None,-21000000,None,78000000,2953000000,631000000,198000000,2322000000,2124000000,3151000000,3229000000,2322000000,CSCO
2016-07-30,USD,7975000000,12638000000,4663000000,4663000000,3303000000,2976000000,1601000000,4672000000,273000000,-180000000,None,180000000,None,-2000000,None,82000000,3394000000,581000000,180000000,3303000000,2714000000,3574000000,3656000000,2813000000,CSCO
2016-04-30,USD,7721000000,12000000000,4279000000,4279000000,2984000000,3013000000,1626000000,4737000000,270000000,-175000000,None,175000000,None,4000000,None,81000000,3083000000,734000000,175000000,2349000000,2929000000,3258000000,3339000000,2349000000,CSCO
2016-01-23,USD,7432000000,11927000000,4495000000,4495000000,3294000000,2462000000,1509000000,4138000000,237000000,-162000000,None,162000000,None,-63000000,None,71000000,3306000000,159000000,162000000,3147000000,2592000000,3468000000,3539000000,3147000000,CSCO
2015-10-24,USD,7832000000,12682000000,4850000000,4850000000,3079000000,2982000000,1560000000,4753000000,225000000,-159000000,None,159000000,None,-8000000,None,69000000,3137000000,707000000,159000000,2430000000,2117000000,3296000000,3365000000,2430000000,CSCO
2015-07-25,USD,7733000000,12843000000,5110000000,5110000000,2881000000,3085000000,1548000000,4852000000,211000000,-149000000,None,149000000,None,-10000000,None,146000000,2933000000,614000000,149000000,2319000000,2193000000,3082000000,3228000000,2319000000,CSCO
2015-04-25,USD,7525000000,12137000000,4612000000,4612000000,2925000000,2959000000,1547000000,4600000000,190000000,-139000000,None,139000000,None,59000000,None,70000000,3035000000,598000000,139000000,2437000000,2438000000,3174000000,3244000000,2437000000,CSCO
2015-01-24,USD,7090000000,11936000000,4846000000,4846000000,2622000000,2798000000,1529000000,4468000000,189000000,-139000000,None,139000000,None,201000000,None,72000000,2873000000,476000000,139000000,2397000000,2132000000,3012000000,3084000000,2397000000,CSCO
2014-10-25,USD,7333000000,12245000000,4912000000,4912000000,2342000000,3019000000,1583000000,4991000000,179000000,-139000000,None,139000000,None,-22000000,None,71000000,2360000000,532000000,139000000,1828000000,1602000000,2499000000,2570000000,1828000000,CSCO
2014-07-26,USD,7405000000,12357000000,4952000000,4952000000,2681000000,2981000000,1593000000,4724000000,183000000,-142000000,None,142000000,None,56000000,None,68000000,2778000000,531000000,142000000,2247000000,2227000000,2920000000,2988000000,2247000000,CSCO
2014-04-26,USD,7006000000,11545000000,4539000000,4539000000,2542000000,2802000000,1565000000,4464000000,170000000,-146000000,None,146000000,49000000,76000000,None,71000000,2642000000,461000000,146000000,2181000000,2175000000,2788000000,2859000000,2181000000,CSCO
2014-01-25,USD,5951000000,11155000000,5204000000,5204000000,1667000000,2728000000,1412000000,4284000000,169000000,-136000000,None,136000000,-38000000,55000000,None,71000000,1755000000,326000000,136000000,1429000000,1360000000,1891000000,1962000000,1429000000,CSCO
2013-10-26,USD,7407000000,12085000000,4678000000,4678000000,2455000000,2926000000,1724000000,4952000000,169000000,-140000000,None,140000000,71000000,56000000,None,65000000,2540000000,544000000,140000000,1996000000,2160000000,2680000000,2745000000,1996000000,CSCO
2013-07-27,USD,7347000000,12417000000,5070000000,5070000000,2814000000,2950000000,1517000000,4533000000,171000000,-143000000,None,143000000,75000000,29000000,None,66000000,2871000000,601000000,143000000,-6086000000,2189000000,3014000000,3080000000,2270000000,CSCO
2013-04-27,USD,7511000000,12216000000,4705000000,4705000000,2942000000,2905000000,1542000000,4569000000,162000000,-145000000,None,145000000,-84000000,-14000000,None,89000000,2945000000,467000000,145000000,5423000000,2269000000,3090000000,3179000000,2478000000,CSCO
2013-01-26,USD,7343000000,12098000000,4755000000,4755000000,2789000000,2971000000,1452000000,4554000000,160000000,-147000000,None,147000000,-19000000,-22000000,None,118000000,2780000000,-363000000,147000000,5923000000,3208000000,2927000000,3045000000,3143000000,CSCO
2012-10-27,USD,7239000000,11876000000,4637000000,4637000000,2651000000,2976000000,1431000000,4588000000,161000000,-148000000,None,148000000,76000000,-33000000,None,122000000,2631000000,539000000,148000000,4723000000,2264000000,2779000000,2901000000,2092000000,CSCO
2012-07-28,USD,7085000000,11690000000,4605000000,4605000000,2371000000,3128000000,1416000000,4714000000,167000000,-147000000,None,147000000,None,-5000000,None,91000000,2386000000,469000000,147000000,11916000000,1600000000,2533000000,2624000000,1917000000,CSCO
2012-04-28,USD,7169000000,11588000000,4419000000,4419000000,2750000000,2945000000,1358000000,4419000000,161000000,-151000000,None,151000000,None,19000000,None,96000000,2779000000,614000000,151000000,2165000000,2293000000,2930000000,3026000000,2165000000,CSCO
2012-01-28,USD,7065000000,11527000000,4462000000,4462000000,2734000000,2892000000,1339000000,4331000000,158000000,-150000000,None,150000000,None,7000000,None,97000000,2749000000,567000000,150000000,2182000000,2051000000,2899000000,2996000000,2182000000,CSCO
2011-10-29,USD,6890000000,11256000000,4366000000,4366000000,2210000000,3004000000,1375000000,4680000000,164000000,-148000000,None,148000000,None,19000000,None,99000000,2245000000,468000000,148000000,1777000000,1464000000,2393000000,2492000000,1777000000,CSCO
2011-07-30,USD,6861000000,11195000000,4334000000,4334000000,1456000000,3052000000,1484000000,5405000000,164000000,-148000000,None,148000000,None,-5000000,None,101000000,1467000000,235000000,148000000,6647000000,1194000000,1615000000,1716000000,1232000000,CSCO
2011-04-30,USD,6659000000,10866000000,4207000000,4207000000,2183000000,2912000000,1430000000,4476000000,161000000,-153000000,None,153000000,None,12000000,None,103000000,2203000000,396000000,153000000,1807000000,2136000000,2356000000,2459000000,1807000000,CSCO
2011-01-29,USD,6261000000,10407000000,4146000000,4146000000,1684000000,2896000000,1478000000,4577000000,156000000,-161000000,None,161000000,None,51000000,None,203000000,1730000000,209000000,161000000,1521000000,1572000000,1891000000,2094000000,1521000000,CSCO
2010-10-30,USD,6755000000,10750000000,3995000000,3995000000,2351000000,2860000000,1431000000,4404000000,160000000,-166000000,None,166000000,None,80000000,None,113000000,2425000000,495000000,166000000,1930000000,2257000000,2591000000,2704000000,1930000000,CSCO
2010-07-31,USD,6793000000,10836000000,4043000000,4043000000,2325000000,2946000000,1391000000,4468000000,154000000,-169000000,None,169000000,None,108000000,None,131000000,2418000000,483000000,169000000,6793000000,1890000000,2587000000,2718000000,1935000000,CSCO
2010-05-01,USD,6630000000,10368000000,3738000000,3738000000,2345000000,2757000000,1411000000,4285000000,158000000,-182000000,None,182000000,None,82000000,None,117000000,2403000000,211000000,182000000,6630000000,2131000000,2585000000,2702000000,2192000000,CSCO
2010-01-23,USD,6332000000,9815000000,3483000000,3483000000,2370000000,2577000000,1247000000,3962000000,155000000,-158000000,None,158000000,None,-12000000,None,138000000,2355000000,502000000,158000000,1853000000,1743000000,2513000000,2651000000,1853000000,CSCO
2009-10-24,USD,5888000000,9021000000,3133000000,3133000000,2124000000,440000000,1224000000,3764000000,None,None,None,114000000,None,61000000,None,429000000,2239000000,452000000,None,1787000000,2191000000,2353000000,2553000000,1787000000,CSCO
2009-07-25,USD,5461000000,8535000000,3074000000,3074000000,1460000000,488000000,1340000000,4001000000,None,None,None,114000000,None,17000000,None,164000000,1533000000,452000000,None,None,None,1647000000,1624000000,1081000000,CSCO
2009-04-25,USD,5229000000,8162000000,2933000000,2933000000,1607000000,302000000,1243000000,3622000000,None,None,None,105000000,None,-9000000,None,426000000,1687000000,339000000,None,None,None,1792000000,2208000000,1348000000,CSCO
2009-01-24,USD,5723000000,9089000000,3366000000,3366000000,1773000000,380000000,1279000000,3950000000,None,None,None,63000000,None,-64000000,None,425000000,1868000000,364000000,None,None,None,1931000000,2198000000,1504000000,CSCO
2008-10-25,USD,6681000000,10331000000,3650000000,3650000000,2482000000,395000000,1409000000,4199000000,None,None,None,64000000,None,-72000000,None,393000000,2605000000,404000000,None,None,None,2669000000,2875000000,2201000000,CSCO
2023-12-31,USD,5623000000,9935000000,4312000000,4312000000,2928000000,627000000,2096000000,2723000000,149000000,-178000000,149000000,178000000,None,-7000000,None,437000000,2918000000,151000000,178000000,2811000000,2902000000,3096000000,3580000000,2767000000,QCOM
2023-09-30,USD,4751000000,8631000000,3880000000,3880000000,1410000000,629000000,2135000000,3364000000,120000000,-173000000,120000000,173000000,None,2000000,None,462000000,1281000000,-209000000,173000000,1629000000,1418000000,1454000000,1873000000,1490000000,QCOM
2023-06-30,USD,4659000000,8451000000,3792000000,3792000000,1823000000,618000000,2222000000,2840000000,79000000,-172000000,79000000,172000000,None,4000000,None,479000000,1825000000,22000000,172000000,1735000000,1815000000,1997000000,2429000000,1803000000,QCOM
2023-03-31,USD,5122000000,9275000000,4153000000,4153000000,2090000000,614000000,2210000000,2824000000,59000000,-179000000,59000000,179000000,None,-18000000,None,470000000,1897000000,193000000,179000000,1702000000,1829000000,2076000000,2560000000,1704000000,QCOM
2022-12-31,USD,5419000000,9463000000,4044000000,4044000000,2465000000,623000000,2251000000,2954000000,55000000,-170000000,55000000,170000000,-3000000,-2000000,None,398000000,2333000000,98000000,170000000,2273000000,2550000000,2503000000,2863000000,2235000000,QCOM
2022-09-30,USD,6527000000,11395000000,4868000000,4868000000,3666000000,683000000,2178000000,3343000000,32000000,-145000000,32000000,145000000,-2000000,-26000000,None,1538000000,3420000000,547000000,145000000,2923000000,2633000000,3565000000,5204000000,2873000000,QCOM
2022-06-30,USD,6120000000,10936000000,4816000000,4816000000,4472000000,655000000,2052000000,2707000000,22000000,-70000000,22000000,70000000,13000000,-6000000,None,438000000,4239000000,509000000,70000000,3730000000,3733000000,4309000000,3781000000,3730000000,QCOM
2022-03-31,USD,6516000000,11164000000,4648000000,4648000000,3858000000,624000000,2034000000,2658000000,20000000,-137000000,20000000,137000000,1000000,6000000,None,415000000,3423000000,489000000,137000000,2934000000,3091000000,3560000000,4273000000,2934000000,QCOM
2021-12-31,USD,6402000000,10705000000,4303000000,4303000000,3864000000,608000000,1930000000,2538000000,17000000,-139000000,17000000,139000000,7000000,140000000,None,406000000,3865000000,466000000,139000000,3399000000,3329000000,4004000000,4307000000,3399000000,QCOM
2021-09-30,USD,5399000000,9336000000,3937000000,3937000000,2902000000,618000000,1879000000,3039000000,20000000,-138000000,20000000,138000000,-3000000,521000000,None,425000000,3285000000,487000000,138000000,0,2742000000,3423000000,3327000000,2798000000,QCOM
2021-06-30,USD,4656000000,8060000000,3404000000,3404000000,2195000000,597000000,1864000000,2461000000,21000000,-138000000,21000000,138000000,-3000000,200000000,None,406000000,2257000000,230000000,138000000,4826000000,1930000000,2395000000,2661000000,2027000000,QCOM
2021-03-31,USD,4503000000,7935000000,3432000000,3432000000,2166000000,557000000,1780000000,2337000000,22000000,-141000000,22000000,141000000,-12000000,104000000,None,387000000,2129000000,367000000,141000000,1762000000,1750000000,2270000000,2610000000,1762000000,QCOM
2020-12-31,USD,4746000000,8235000000,3489000000,3489000000,2526000000,567000000,1653000000,2220000000,21000000,-141000000,21000000,141000000,-14000000,219000000,None,364000000,2604000000,149000000,141000000,2455000000,2541000000,2745000000,2963000000,2455000000,QCOM
2020-09-30,USD,5580000000,8346000000,2766000000,2766000000,3452000000,551000000,1582000000,2749000000,21000000,-166000000,21000000,166000000,-4000000,19000000,None,339000000,3306000000,346000000,149000000,0,3055000000,3472000000,3791000000,2960000000,QCOM
2020-06-30,USD,2813000000,4893000000,2080000000,2080000000,782000000,511000000,1520000000,2008000000,30000000,-143000000,30000000,143000000,-6000000,229000000,None,363000000,868000000,23000000,143000000,3805000000,902000000,1011000000,1226000000,845000000,QCOM
2020-03-31,USD,2919000000,5216000000,2297000000,2297000000,991000000,483000000,1468000000,1928000000,47000000,-146000000,47000000,146000000,6000000,-247000000,None,340000000,598000000,130000000,146000000,468000000,386000000,744000000,1300000000,468000000,QCOM
2019-12-31,USD,2964000000,5077000000,2113000000,2113000000,1030000000,528000000,1406000000,1934000000,69000000,-148000000,69000000,148000000,-3000000,65000000,None,351000000,947000000,22000000,148000000,925000000,962000000,1095000000,1440000000,925000000,QCOM
2019-09-30,USD,2696000000,4814000000,2118000000,2118000000,701000000,549000000,1441000000,2723000000,79000000,-150000000,79000000,150000000,11000000,64000000,None,350000000,614000000,108000000,150000000,701000000,411000000,764000000,1051000000,506000000,QCOM
2019-06-30,USD,7521000000,9635000000,2114000000,2114000000,5317000000,547000000,1380000000,1927000000,81000000,-160000000,81000000,160000000,-5000000,344000000,None,353000000,5501000000,3352000000,160000000,2149000000,2171000000,5661000000,5729000000,2149000000,QCOM
2019-03-31,USD,2803000000,4982000000,2179000000,2179000000,940000000,573000000,1308000000,1881000000,80000000,-162000000,74000000,162000000,-1000000,28000000,None,345000000,806000000,143000000,162000000,663000000,634000000,968000000,1329000000,663000000,QCOM
2018-12-31,USD,2654000000,4842000000,2188000000,2188000000,710000000,526000000,1269000000,1946000000,74000000,-156000000,None,156000000,6000000,5000000,None,353000000,559000000,-509000000,156000000,1068000000,1056000000,715000000,1116000000,1068000000,QCOM
2018-09-30,USD,2928000000,5778000000,2850000000,2850000000,-679000000,689000000,1388000000,3099000000,164000000,-207000000,None,207000000,17000000,86000000,None,396000000,-800000000,-287000000,207000000,-654000000,-571000000,-593000000,-258000000,-513000000,QCOM
2018-06-30,USD,3086000000,5577000000,2491000000,2491000000,903000000,655000000,1416000000,2071000000,182000000,-212000000,None,212000000,112000000,243000000,None,414000000,934000000,-268000000,212000000,1219000000,980000000,1146000000,1493000000,1202000000,QCOM
2018-03-31,USD,2981000000,5220000000,2239000000,2239000000,400000000,869000000,1402000000,2271000000,154000000,-179000000,None,179000000,-90000000,96000000,None,388000000,317000000,-13000000,179000000,363000000,490000000,496000000,829000000,330000000,QCOM
2017-12-31,USD,3372000000,6035000000,2663000000,2663000000,-4000000,773000000,1420000000,2193000000,126000000,-170000000,None,170000000,-4000000,114000000,None,363000000,-60000000,5923000000,170000000,-5953000000,-5981000000,110000000,497000000,-5983000000,QCOM
2017-09-30,USD,3236000000,5888000000,2652000000,2653000000,316000000,741000000,1398000000,2916000000,153000000,-164000000,None,164000000,-4000000,265000000,None,397000000,417000000,260000000,164000000,333000000,241000000,581000000,730000000,157000000,QCOM
2017-06-30,USD,2868000000,5356000000,2488000000,2488000000,758000000,710000000,1391000000,2101000000,147000000,-133000000,None,133000000,-26000000,218000000,None,393000000,844000000,-12000000,133000000,865000000,916000000,977000000,1282000000,856000000,QCOM
2017-03-31,USD,2808000000,5016000000,2208000000,2208000000,729000000,615000000,1386000000,2001000000,153000000,-107000000,None,107000000,0,235000000,None,342000000,857000000,108000000,107000000,749000000,792000000,964000000,1071000000,749000000,QCOM
2016-12-31,USD,3556000000,5999000000,2443000000,2443000000,778000000,591000000,1311000000,1934000000,167000000,-90000000,None,90000000,0,182000000,None,329000000,871000000,189000000,90000000,681000000,440000000,961000000,1277000000,682000000,QCOM
2016-09-30,USD,3645000000,6184000000,2539000000,2539000000,1804000000,568000000,1229000000,2656000000,160000000,-76000000,None,76000000,0,233000000,None,336000000,1960000000,361000000,76000000,1804000000,1683000000,2036000000,2140000000,1599000000,QCOM
2016-06-30,USD,3510000000,6044000000,2534000000,2534000000,1592000000,620000000,1268000000,1888000000,156000000,-75000000,None,75000000,0,176000000,None,356000000,1694000000,250000000,75000000,1443000000,1628000000,1769000000,2088000000,1444000000,QCOM
2016-03-31,USD,3410000000,5551000000,2141000000,2141000000,1415000000,619000000,1301000000,1920000000,158000000,-72000000,None,72000000,-96000000,127000000,None,372000000,1470000000,306000000,72000000,1164000000,1255000000,1542000000,1914000000,1164000000,QCOM
2015-12-31,USD,3241000000,5775000000,2534000000,2534000000,1685000000,578000000,1352000000,1923000000,136000000,-74000000,None,74000000,48000000,99000000,None,364000000,1712000000,214000000,74000000,1496000000,1372000000,1786000000,2150000000,1498000000,QCOM
2015-09-30,USD,3204000000,5456000000,2252000000,2252000000,1140000000,595000000,1357000000,2521000000,127000000,-70000000,None,70000000,78000000,215000000,None,326000000,1251000000,190000000,70000000,1060000000,754000000,1321000000,1647000000,1061000000,QCOM
2015-06-30,USD,3381000000,5832000000,2451000000,2451000000,1235000000,621000000,1407000000,1984000000,128000000,-32000000,None,32000000,44000000,163000000,None,297000000,1399000000,215000000,32000000,1183000000,1215000000,1431000000,1728000000,1184000000,QCOM
2015-03-31,USD,4266000000,6894000000,2628000000,2628000000,1336000000,545000000,1375000000,1920000000,138000000,-1000000,None,1000000,-32000000,203000000,None,304000000,1540000000,487000000,1000000,1052000000,1097000000,1541000000,1845000000,1053000000,QCOM
2014-12-31,USD,4052000000,7099000000,3047000000,3047000000,2064000000,583000000,1352000000,2281000000,134000000,-1000000,None,1000000,16000000,234000000,None,287000000,2299000000,327000000,1000000,1971000000,1766000000,2300000000,2587000000,1972000000,QCOM
2014-09-30,USD,3935000000,6692000000,2757000000,2757000000,1992000000,545000000,1364000000,2065000000,126000000,-1000000,None,1000000,None,524000000,None,297000000,2252000000,358000000,1000000,1893000000,1703000000,2253000000,2550000000,1894000000,QCOM
2014-06-30,USD,4066000000,6806000000,2740000000,2740000000,2075000000,582000000,1429000000,1996000000,139000000,0,None,0,None,422000000,None,292000000,2498000000,260000000,0,2237000000,2253000000,2498000000,2790000000,2238000000,QCOM
2014-03-31,USD,3885000000,6367000000,2482000000,2482000000,1990000000,539000000,1356000000,1676000000,167000000,-3000000,None,3000000,None,282000000,None,289000000,2273000000,314000000,3000000,1958000000,1984000000,2276000000,2565000000,1959000000,QCOM
2013-12-31,USD,3916000000,6622000000,2706000000,2706000000,1493000000,623000000,1328000000,2440000000,156000000,-3000000,None,3000000,None,None,None,272000000,2188000000,313000000,3000000,1444000000,1906000000,2191000000,2463000000,1875000000,QCOM
2013-09-30,USD,3766000000,6480000000,2714000000,2714000000,1588000000,657000000,1349000000,1035000000,168000000,-1000000,None,1000000,None,None,None,273000000,1822000000,321000000,1000000,1588000000,1556000000,1823000000,2096000000,1501000000,QCOM
2013-06-30,USD,3746000000,6243000000,2497000000,2497000000,1677000000,613000000,1298000000,2514000000,182000000,-7000000,None,7000000,None,None,None,255000000,1912000000,332000000,7000000,1578000000,1257000000,1919000000,2174000000,1580000000,QCOM
2013-03-31,USD,3752000000,6124000000,2372000000,2372000000,1877000000,661000000,1214000000,2150000000,181000000,-7000000,None,7000000,None,None,None,248000000,2139000000,273000000,7000000,1863000000,2007000000,2146000000,2394000000,1866000000,QCOM
2012-12-31,USD,3781000000,6018000000,2237000000,2237000000,2088000000,587000000,1106000000,2224000000,165000000,-8000000,None,8000000,None,None,None,241000000,2330000000,424000000,8000000,1903000000,1920000000,2338000000,2579000000,1906000000,QCOM
2012-09-30,USD,3030000000,4871000000,1841000000,1841000000,1235000000,627000000,1114000000,2155000000,178000000,-16000000,None,16000000,7000000,None,None,257000000,1557000000,286000000,16000000,1240000000,1517000000,1573000000,1830000000,1271000000,QCOM
2012-06-30,USD,2907000000,4626000000,1719000000,1719000000,1382000000,544000000,974000000,1543000000,156000000,-18000000,None,18000000,0,None,None,221000000,1582000000,375000000,18000000,1206000000,1016000000,1600000000,1821000000,1207000000,QCOM
2012-03-31,USD,3160000000,4943000000,1783000000,1783000000,1514000000,595000000,954000000,496000000,146000000,-29000000,None,29000000,1179000000,None,None,211000000,2526000000,296000000,29000000,1438000000,2544000000,2555000000,2766000000,2230000000,QCOM
2011-12-31,USD,2927000000,4681000000,1754000000,1754000000,1551000000,503000000,873000000,1611000000,130000000,-27000000,None,27000000,None,None,None,208000000,1722000000,321000000,27000000,1400000000,1543000000,1749000000,1957000000,1401000000,QCOM
2011-09-30,USD,2620000000,4117000000,1497000000,1497000000,1238000000,532000000,851000000,1795000000,-116000000,30000000,60000000,30000000,None,None,None,241000000,1326000000,270000000,-30000000,1055000000,665000000,1356000000,1597000000,1056000000,QCOM
2011-06-30,USD,2345000000,3623000000,1278000000,1278000000,1113000000,475000000,757000000,1203000000,-127000000,29000000,58000000,29000000,None,None,None,185000000,1324000000,289000000,-29000000,985000000,984000000,1353000000,1538000000,1035000000,QCOM
2011-03-31,USD,2811000000,3870000000,1059000000,1363000000,1430000000,529000000,738000000,1607000000,-126000000,34000000,64000000,30000000,None,None,None,434000000,1354000000,355000000,-34000000,688000000,1044000000,1384000000,1818000000,999000000,QCOM
2010-12-31,USD,2305000000,3348000000,1043000000,1130000000,1247000000,409000000,649000000,1464000000,-131000000,28000000,52000000,24000000,None,None,None,201000000,1388000000,218000000,-28000000,821000000,1230000000,1412000000,1613000000,1170000000,QCOM
2010-09-30,USD,2026000000,2952000000,926000000,988000000,958000000,440000000,629000000,1657000000,125000000,-88000000,-26000000,62000000,None,None,None,171000000,1098000000,233000000,88000000,837000000,1033000000,1160000000,1331000000,865000000,QCOM
2010-06-30,USD,1848000000,2700000000,852000000,905000000,893000000,332000000,623000000,1144000000,131000000,14000000,4000000,-10000000,None,None,None,166000000,1011000000,244000000,-14000000,720000000,476000000,1001000000,1167000000,767000000,QCOM
2010-03-31,USD,1852000000,2661000000,809000000,809000000,896000000,430000000,648000000,1078000000,-129000000,7000000,None,-7000000,None,None,None,167000000,965000000,191000000,-7000000,585000000,850000000,958000000,1125000000,774000000,QCOM
2009-12-31,USD,1852000000,2668000000,816000000,816000000,980000000,379000000,596000000,1194000000,-145000000,9000000,None,-9000000,None,None,None,162000000,1052000000,211000000,-9000000,668000000,997000000,1043000000,1205000000,841000000,QCOM
2009-09-30,USD,2022000000,2690000000,668000000,824000000,597000000,297000000,519000000,1270000000,None,None,None,3000000,None,None,None,175000000,870000000,67000000,None,597000000,803000000,597000000,1048000000,803000000,QCOM
2008-12-31,USD,1762000000,2517000000,755000000,755000000,745000000,413000000,604000000,1017000000,None,None,None,98000000,None,None,None,152000000,451000000,110000000,None,None,None,745000000,897000000,341000000,QCOM
2023-12-31,USD,7047000000,16019000000,9253000000,8359000000,2585000000,1617000000,3987000000,4462000000,356000000,-267000000,356000000,267000000,16286000000,28000000,2094000000,419000000,2797000000,128000000,267000000,2660000000,3315000000,3064000000,3483000000,2669000000,INTC
2023-09-30,USD,6018000000,14295000000,10296000000,8140000000,-8000000,1340000000,3870000000,6026000000,332000000,-204000000,63000000,204000000,14499000000,19000000,2020000000,427000000,-65000000,-362000000,204000000,310000000,-20000000,139000000,566000000,297000000,INTC
2023-06-30,USD,4638000000,12580000000,9885000000,8311000000,-1016000000,1374000000,4080000000,5654000000,313000000,-214000000,200000000,214000000,12794000000,125000000,1832000000,2276000000,-808000000,-2289000000,214000000,1473000000,1356000000,-594000000,1460000000,1481000000,INTC
2023-03-31,USD,4008000000,11715000000,7707000000,7707000000,-1468000000,1303000000,4109000000,5476000000,None,141000000,334000000,193000000,None,0,1901000000,2366000000,-1148000000,1610000000,None,-2768000000,-2615000000,-955000000,962000000,-2758000000,INTC
2022-12-31,USD,5500000000,11331000000,11178000000,8542000000,-1132000000,1706000000,4464000000,6632000000,274000000,-149000000,274000000,149000000,11480000000,25000000,2819000000,468000000,-799000000,-135000000,149000000,-661000000,825000000,-650000000,-182000000,-664000000,INTC
2022-09-30,USD,6535000000,16086000000,11211000000,8803000000,-175000000,1744000000,4302000000,6710000000,170000000,-114000000,170000000,114000000,16200000000,82000000,2781000000,471000000,-188000000,-1207000000,114000000,1019000000,593000000,-74000000,397000000,1019000000,INTC
2022-06-30,USD,5587000000,14193000000,11621000000,9734000000,-700000000,1800000000,4400000000,6287000000,98000000,-109000000,98000000,109000000,14302000000,-108000000,2681000000,467000000,-909000000,-455000000,109000000,-454000000,-1077000000,-800000000,-333000000,-454000000,INTC
2022-03-31,USD,9244000000,18623000000,10151000000,9109000000,4341000000,1752000000,4362000000,4903000000,47000000,-124000000,1121000000,124000000,18747000000,1074000000,2847000000,501000000,9661000000,1548000000,124000000,8113000000,7991000000,9785000000,10286000000,8113000000,INTC
2021-12-31,USD,11009000000,20324000000,238000000,9519000000,4989000000,1942000000,4049000000,6020000000,33000000,-134000000,33000000,134000000,20458000000,-53000000,2596000000,478000000,5194000000,571000000,134000000,-476000000,4890000000,5328000000,5806000000,4623000000,INTC
2021-09-30,USD,10746000000,19002000000,10162000000,8446000000,5227000000,1674000000,3803000000,5519000000,37000000,-144000000,37000000,144000000,19146000000,31000000,2495000000,464000000,6858000000,35000000,144000000,6823000000,6771000000,7002000000,7466000000,6823000000,INTC
2021-06-30,USD,11206000000,19476000000,10370000000,8425000000,5546000000,1599000000,3715000000,5660000000,37000000,-129000000,37000000,129000000,19605000000,-4000000,2408000000,449000000,5745000000,684000000,129000000,5061000000,5069000000,5874000000,6323000000,5061000000,INTC
2021-03-31,USD,10854000000,19398000000,12804000000,8819000000,3694000000,1328000000,3623000000,7160000000,37000000,-190000000,37000000,190000000,19588000000,-3000000,2454000000,448000000,3906000000,545000000,190000000,3361000000,3009000000,4096000000,4544000000,3361000000,INTC
2020-12-31,USD,11348000000,19663000000,10885000000,8630000000,5884000000,1757000000,3655000000,5464000000,43000000,-148000000,43000000,148000000,19811000000,17000000,2557000000,446000000,7488000000,1631000000,148000000,5857000000,6046000000,7636000000,8082000000,5857000000,INTC
2020-09-30,USD,9741000000,18161000000,10002000000,8592000000,5059000000,1435000000,3272000000,4682000000,53000000,-160000000,53000000,160000000,18321000000,33000000,2677000000,446000000,5041000000,765000000,160000000,4276000000,4488000000,5201000000,5647000000,4276000000,INTC
2020-06-30,USD,10507000000,19487000000,10677000000,9221000000,5697000000,1447000000,3354000000,4810000000,83000000,-186000000,83000000,186000000,19673000000,74000000,2625000000,438000000,5935000000,830000000,186000000,5105000000,5494000000,6121000000,6559000000,5105000000,INTC
2020-03-31,USD,12016000000,19686000000,9942000000,7812000000,7038000000,1541000000,3275000000,4978000000,93000000,-135000000,93000000,135000000,19821000000,-271000000,2623000000,427000000,6614000000,953000000,135000000,5661000000,5400000000,6749000000,7176000000,5661000000,INTC
2019-12-31,USD,11878000000,19998000000,10028000000,8331000000,6797000000,1592000000,3384000000,5081000000,109000000,-108000000,109000000,108000000,20106000000,653000000,2557000000,50000000,8068000000,1163000000,108000000,6905000000,6347000000,8176000000,8226000000,6905000000,INTC
2019-09-30,USD,11295000000,19029000000,9535000000,7895000000,6447000000,1536000000,3208000000,4848000000,114000000,-107000000,114000000,107000000,19136000000,-53000000,2268000000,50000000,6719000000,729000000,107000000,5990000000,5890000000,6826000000,6876000000,5990000000,INTC
2019-06-30,USD,9878000000,16337000000,8450000000,6627000000,4617000000,1639000000,3438000000,5261000000,125000000,-135000000,125000000,135000000,16472000000,-53000000,2150000000,50000000,4724000000,545000000,135000000,4179000000,4370000000,4859000000,4909000000,4179000000,INTC
2019-03-31,USD,9089000000,15733000000,8555000000,6972000000,4174000000,1583000000,3332000000,4915000000,135000000,-138000000,135000000,138000000,15871000000,-58000000,2229000000,50000000,4547000000,573000000,138000000,3974000000,4135000000,4685000000,4735000000,3974000000,INTC
2018-12-31,USD,11227000000,18495000000,9000000000,7430000000,6224000000,1720000000,3433000000,5003000000,130000000,-131000000,None,131000000,18626000000,-98000000,2100000000,50000000,5635000000,440000000,180000000,5195000000,5324000000,5766000000,5816000000,5195000000,INTC
2018-09-30,USD,12360000000,18829000000,8386000000,6803000000,7349000000,1605000000,3428000000,5011000000,109000000,-109000000,None,109000000,18938000000,-132000000,1884000000,50000000,7142000000,744000000,109000000,6398000000,6384000000,7251000000,7301000000,6398000000,INTC
2018-06-30,USD,10419000000,16713000000,8318000000,6543000000,5273000000,1725000000,3371000000,5146000000,108000000,-116000000,None,116000000,-133000000,467000000,1730000000,50000000,5529000000,523000000,116000000,5006000000,4600000000,5645000000,5695000000,5006000000,INTC
2018-03-31,USD,9731000000,16678000000,8285000000,6335000000,4470000000,1900000000,3311000000,5261000000,91000000,-112000000,None,112000000,724000000,-81000000,1806000000,50000000,5011000000,557000000,112000000,4454000000,4699000000,5123000000,5173000000,4454000000,INTC
2017-12-31,USD,10778000000,19007000000,8384000000,6275000000,5435000000,1842000000,3253000000,5343000000,92000000,-153000000,None,153000000,-43601000000,-550000000,1762000000,53000000,6035000000,6722000000,629000000,-687000000,-1435000000,6188000000,6241000000,-687000000,INTC
2017-09-30,USD,10064000000,15958000000,7811000000,6085000000,5141000000,1661000000,3209000000,4923000000,137000000,-191000000,None,191000000,16149000000,-3000000,1690000000,49000000,5930000000,1414000000,191000000,4516000000,4952000000,6121000000,6170000000,4516000000,INTC
2017-06-30,USD,9096000000,14607000000,7659000000,5667000000,3842000000,1850000000,3262000000,5254000000,136000000,-156000000,None,156000000,None,408000000,1675000000,37000000,4572000000,1764000000,156000000,2808000000,3119000000,4728000000,4765000000,2808000000,INTC
2017-03-31,USD,9160000000,14650000000,7853000000,5636000000,3632000000,2099000000,3311000000,5528000000,76000000,-146000000,None,146000000,None,1000000,1625000000,38000000,3815000000,851000000,146000000,2964000000,3721000000,3961000000,3999000000,2964000000,INTC
2016-12-31,USD,10147000000,16216000000,9798000000,6227000000,4785000000,2138000000,3225000000,5362000000,63000000,-158000000,None,158000000,None,-268000000,1582000000,41000000,4440000000,878000000,158000000,3562000000,3268000000,4598000000,4639000000,3562000000,INTC
2016-09-30,USD,9983000000,15598000000,8247000000,5795000000,4462000000,2006000000,3069000000,5521000000,56000000,-180000000,None,180000000,None,-8000000,1543000000,74000000,4318000000,940000000,180000000,3378000000,3858000000,4498000000,4572000000,3378000000,INTC
2016-06-30,USD,7973000000,13346000000,9376000000,5560000000,1318000000,2007000000,3145000000,6655000000,51000000,-187000000,None,187000000,None,-126000000,1522000000,395000000,1670000000,340000000,187000000,1330000000,690000000,1857000000,2252000000,1330000000,INTC
2016-03-31,USD,8130000000,13494000000,8194000000,5572000000,2568000000,2226000000,3246000000,5562000000,52000000,-208000000,None,208000000,None,-82000000,1619000000,396000000,2508000000,462000000,208000000,2046000000,2546000000,2716000000,3112000000,2046000000,INTC
2015-12-31,USD,9590000000,14788000000,7639000000,5324000000,4299000000,2118000000,3119000000,5291000000,33000000,-126000000,None,126000000,None,199000000,1936000000,-415000000,4303000000,690000000,126000000,3613000000,4008000000,4429000000,4014000000,3613000000,INTC
2015-09-30,USD,9111000000,14349000000,7493000000,5354000000,4192000000,1910000000,2927000000,4919000000,31000000,-116000000,None,116000000,None,-104000000,2060000000,215000000,4253000000,1144000000,116000000,3109000000,2129000000,4369000000,4584000000,3109000000,INTC
2015-06-30,USD,8248000000,13142000000,7358000000,4947000000,2896000000,1949000000,3087000000,5352000000,28000000,-53000000,None,53000000,None,None,1977000000,214000000,2983000000,277000000,53000000,2706000000,3283000000,3036000000,3250000000,2706000000,INTC
2015-03-31,USD,7730000000,12739000000,7360000000,5051000000,2615000000,1953000000,2995000000,5115000000,32000000,-42000000,None,42000000,None,None,1848000000,251000000,2673000000,681000000,42000000,1992000000,1394000000,2715000000,2966000000,1992000000,INTC
2014-12-31,USD,9621000000,14668000000,7491000000,5100000000,4453000000,2049000000,2990000000,5168000000,33000000,-53000000,None,53000000,None,None,1889000000,285000000,4659000000,998000000,53000000,3661000000,3381000000,4712000000,4997000000,3661000000,INTC
2014-09-30,USD,9458000000,14501000000,7402000000,5096000000,4540000000,1979000000,2842000000,4918000000,35000000,-53000000,None,53000000,None,None,1891000000,307000000,4550000000,1233000000,53000000,3317000000,3143000000,4603000000,4910000000,3317000000,INTC
2014-06-30,USD,8917000000,13782000000,7346000000,4914000000,3844000000,2061000000,2859000000,5073000000,38000000,-49000000,None,49000000,None,None,1880000000,290000000,3922000000,1126000000,49000000,2796000000,2760000000,3971000000,4261000000,2796000000,INTC
2014-03-31,USD,7613000000,12727000000,7622000000,5151000000,2510000000,2047000000,2846000000,5103000000,35000000,-37000000,None,37000000,None,None,1720000000,287000000,2670000000,740000000,37000000,1930000000,1843000000,2707000000,2994000000,1930000000,INTC
2013-12-31,USD,8571000000,13779000000,7674000000,5263000000,3549000000,2006000000,2826000000,5022000000,31000000,-55000000,None,55000000,None,None,1667000000,289000000,3551000000,926000000,55000000,2625000000,2820000000,3606000000,3895000000,2625000000,INTC
2013-09-30,USD,8414000000,13427000000,7455000000,5069000000,3504000000,1970000000,2742000000,4910000000,24000000,-56000000,None,56000000,None,None,1729000000,292000000,3924000000,974000000,56000000,2950000000,3853000000,3980000000,4272000000,2950000000,INTC
2013-06-30,USD,7470000000,12751000000,7785000000,5341000000,2719000000,2165000000,2516000000,4751000000,26000000,-60000000,None,60000000,None,None,1712000000,279000000,2693000000,693000000,60000000,2693000000,2555000000,2753000000,3032000000,2000000000,INTC
2013-03-31,USD,7066000000,12507000000,7843000000,5514000000,2519000000,1947000000,2527000000,4547000000,23000000,-73000000,None,73000000,None,None,1682000000,382000000,2443000000,398000000,73000000,2443000000,2034000000,2516000000,2898000000,2045000000,INTC
2012-12-31,USD,7817000000,13509000000,7982000000,5660000000,3155000000,1958000000,2629000000,4662000000,21000000,-24000000,None,24000000,None,None,1641000000,364000000,3204000000,736000000,24000000,-671000000,2570000000,3228000000,3592000000,2468000000,INTC
2012-09-30,USD,8515000000,13509000000,6937000000,4942000000,3841000000,1995000000,2605000000,4674000000,23000000,-14000000,None,14000000,None,None,1625000000,268000000,3921000000,949000000,14000000,3921000000,3328000000,3935000000,4203000000,2972000000,INTC
2012-06-30,USD,8554000000,13514000000,7113000000,4947000000,3832000000,2131000000,2513000000,4722000000,25000000,-21000000,None,21000000,None,None,1572000000,267000000,3934000000,1107000000,21000000,3934000000,2574000000,3832000000,4099000000,2827000000,INTC
2012-03-31,USD,8265000000,12875000000,6880000000,4641000000,3810000000,1973000000,2401000000,4455000000,28000000,-31000000,None,31000000,None,None,1519000000,266000000,3814000000,1076000000,31000000,3814000000,2915000000,3810000000,4076000000,2738000000,INTC
2011-12-31,USD,8952000000,13869000000,7093000000,4935000000,4599000000,1973000000,2308000000,4353000000,28000000,-35000000,None,35000000,None,None,1333000000,256000000,4587000000,1227000000,35000000,-276000000,2611000000,4599000000,4855000000,3360000000,INTC
2011-09-30,USD,9018000000,14419000000,7232000000,5215000000,4785000000,2017000000,2140000000,4233000000,22000000,0,None,0,None,None,1273000000,256000000,4892000000,1424000000,0,4892000000,2970000000,4785000000,5041000000,3468000000,INTC
2011-06-30,USD,7902000000,13068000000,7035000000,5130000000,3935000000,1905000000,1986000000,3967000000,20000000,0,None,0,None,None,1248000000,256000000,8302000000,2188000000,0,3931000000,2939000000,3935000000,4191000000,2954000000,INTC
2011-03-31,USD,7885000000,12869000000,6892000000,4962000000,4158000000,1775000000,1916000000,3727000000,28000000,-6000000,None,6000000,None,None,1287000000,155000000,4371000000,1211000000,6000000,4371000000,3308000000,4158000000,4313000000,3160000000,INTC
2010-12-31,USD,7406000000,11457000000,5816000000,4051000000,4023000000,1705000000,1671000000,3383000000,29000000,None,None,315000000,None,None,1146000000,60000000,4163000000,983000000,None,-570000000,2982000000,4023000000,4083000000,3180000000,INTC
2010-09-30,USD,7321000000,11102000000,5287000000,3781000000,4136000000,1506000000,1675000000,3185000000,35000000,None,None,-192000000,None,None,1086000000,56000000,4251000000,1296000000,None,4143000000,3255000000,4136000000,4192000000,2955000000,INTC
2010-06-30,USD,7235000000,10765000000,5114000000,3530000000,3981000000,1584000000,1666000000,3254000000,29000000,None,None,-397000000,None,None,1086000000,63000000,4185000000,1298000000,None,4001000000,2704000000,3981000000,4044000000,2887000000,INTC
2010-03-31,USD,6529000000,10299000000,5345000000,3770000000,3448000000,1514000000,1564000000,3081000000,26000000,None,None,33000000,None,None,1080000000,61000000,3446000000,1004000000,None,3448000000,2463000000,3448000000,3509000000,2442000000,INTC
2009-12-31,USD,6840000000,10569000000,6450000000,3729000000,2497000000,2718000000,1603000000,4343000000,24000000,None,None,-239000000,None,None,1172000000,89000000,2593000000,311000000,None,2497000000,2442000000,2497000000,2586000000,2282000000,INTC
2009-09-30,USD,5404000000,9389000000,5368000000,3985000000,2579000000,1320000000,1430000000,2825000000,34000000,None,None,220000000,None,None,1153000000,12000000,2532000000,676000000,None,2579000000,2242000000,2579000000,2764000000,1856000000,INTC
2009-06-30,USD,4079000000,8024000000,3945000000,3945000000,-12000000,2695000000,1303000000,4091000000,None,None,None,1000000,None,None,1211000000,1286000000,-50000000,348000000,None,-12000000,-161000000,-12000000,239000000,-398000000,INTC
2009-03-31,USD,3238000000,7145000000,3884000000,3907000000,647000000,1198000000,1317000000,2591000000,None,None,None,-991000000,None,None,1208000000,1270000000,652000000,5000000,None,None,None,647000000,931000000,629000000,INTC
2008-12-31,USD,4369000000,8226000000,3857000000,3857000000,1539000000,1261000000,1316000000,2830000000,None,None,None,1567000000,None,None,1157000000,1219000000,369000000,135000000,None,None,None,1539000000,3155000000,234000000,INTC
2008-09-30,USD,6019000000,10217000000,4198000000,4198000000,3098000000,1415000000,1471000000,2921000000,None,None,None,328000000,None,None,1059000000,1127000000,2833000000,819000000,None,None,None,3098000000,4288000000,2014000000,INTC
2008-06-30,USD,5249000000,9470000000,4221000000,4221000000,2255000000,1430000000,1468000000,2994000000,None,None,None,96000000,None,None,None,1105000000,2313000000,712000000,None,None,None,2255000000,3514000000,1601000000,INTC
2024-01-31,USD,636763000,880598000,607263000,208572000,29671000,393094000,213998000,607092000,None,35263000,41685000,6422000,845335000,3616000,None,5503000,67276000,13577000,6422000,54973000,57316000,73698000,79201000,53699000,CRWD
2023-10-31,USD,591010000,819597000,591379000,195004000,3163000,391775000,196072000,587847000,None,33583000,40086000,6503000,786014000,-474000,None,4600000,36265000,9600000,6503000,26672000,20472000,42768000,47368000,26665000,CRWD
2023-07-31,USD,548709000,761820000,571737000,182917000,-15373000,384720000,179362000,564082000,None,30194000,36638000,6444000,731626000,-1734000,None,4100000,13083000,4611000,6444000,8476000,9246000,19527000,23627000,8472000,CRWD
2023-04-30,USD,523350000,716714000,537145000,169230000,-19456000,363741000,179065000,542806000,None,24134000,30521000,6387000,692580000,230000,None,4174000,4900000,4409000,6387000,499000,1649000,11287000,15461000,491000,CRWD
2023-01-31,USD,461763000,668531000,511287000,175604000,-61500000,331418000,191845000,523263000,None,20664000,27016000,6352000,637367000,-2782000,None,4265000,-42169000,5312000,6352000,-48930000,-39316000,-35817000,-31552000,-47481000,CRWD
2022-10-31,USD,422654000,590793000,486148000,158228000,-56422000,323820000,155256000,479076000,None,9911000,16245000,6334000,580882000,750000,None,4100000,-46056000,8900000,6334000,-54661000,-58465000,-39722000,-35622000,-54956000,CRWD
2022-07-31,USD,394586000,528818000,449696000,140567000,-48307000,305029000,137864000,442893000,None,-6335000,None,6335000,535153000,3380000,None,4100000,-44507000,4778000,6335000,-48313000,-50772000,-38172000,-34072000,-49285000,CRWD
2022-04-30,USD,361002000,481536000,392406000,126832000,-23883000,261486000,123399000,384885000,None,-6298000,None,6298000,487834000,1705000,None,4088000,-28083000,3440000,6298000,-30409000,-34471000,-21785000,-17697000,-31523000,CRWD
2022-01-31,USD,318390000,427267000,353356000,112620000,-23534000,236906000,105018000,341924000,None,-6302000,None,6302000,431269000,545000,None,3830000,-28353000,13627000,6302000,-41712000,-44105000,-22051000,-18221000,-41980000,CRWD
2021-10-31,USD,278387000,375448000,326085000,101664000,-40264000,221021000,97630000,318651000,None,-6403000,None,6403000,380051000,-329000,None,3400000,-45982000,4473000,6403000,-50450000,-51120000,-39579000,-36179000,-50455000,CRWD
2021-07-31,USD,247258000,333194000,297938000,90432000,-47403000,204206000,90455000,294661000,None,-6296000,None,6296000,337690000,619000,None,3300000,-53080000,4238000,6296000,-57318000,-57885000,-46784000,-43484000,-57318000,CRWD
2021-04-30,USD,224338000,298394000,258427000,78505000,-31347000,177505000,78180000,255685000,None,-6230000,None,6230000,302824000,4768000,None,2417000,-34949000,50100000,6230000,-82871000,-85251000,-28719000,-26302000,-85049000,CRWD
2021-01-31,USD,198197000,265165000,284431000,66732000,-15803000,147930000,66070000,214000000,None,-1049000,None,1049000,264914000,-4286000,None,869000,-16142000,2860000,1049000,-19030000,-17298000,-15093000,-14224000,-19002000,CRWD
2020-10-31,USD,170933000,233367000,201580000,61527000,-24159000,137553000,57539000,195092000,None,-193000,None,193000,232460000,272000,None,400000,-24031000,500000,193000,-24531000,-25031000,-23838000,-23438000,-24531000,CRWD
2020-07-31,USD,144580000,199797000,178579000,54391000,-29991000,124088000,50483000,174571000,None,-174000,None,174000,198971000,732000,None,100000,-29433000,441000,174000,-29874000,-27755000,-29259000,-29159000,-29874000,CRWD
2020-04-30,USD,131183000,178835000,160179000,46895000,-22576000,113181000,40578000,153759000,None,-143000,143000,143000,178078000,4533000,None,103000,-18186000,1036000,143000,-19222000,-21235000,-18043000,-17940000,-19222000,CRWD
2020-01-31,USD,108693000,154164000,156052000,43416000,-31132000,101134000,38691000,139825000,None,-145000,145000,145000,152109000,3202000,None,102000,-28111000,297000,145000,-28408000,-27301000,-27966000,-27864000,-28408000,CRWD
2019-10-31,USD,87764000,127187000,136745000,37355000,-38518000,90290000,35992000,126282000,None,-132000,132000,132000,125119000,3579000,None,100000,-35105000,400000,132000,-35505000,-35073000,-34973000,-34873000,-35505000,CRWD
2019-07-31,USD,76526000,110244000,134917000,31582000,-50639000,95535000,31630000,127165000,None,-164000,4736000,164000,108108000,-451000,None,100000,-51254000,635000,164000,-51889000,-52233000,-51090000,-50990000,-51889000,CRWD
2019-04-30,USD,66804000,98376000,105377000,29273000,-25775000,68704000,23875000,92579000,None,-1000,1199000,1000,96077000,394000,None,100000,-25382000,595000,1000,-25977000,-26261000,-25381000,-25281000,-25977000,CRWD
2019-01-31,USD,53460000,80455000,26995000,26995000,-31232000,13349000,22005000,84692000,None,None,None,0,None,321000,None,4764000,-30911000,349000,None,-31260000,-31014000,-30911000,-26147000,-31260000,CRWD
2018-10-31,USD,44105000,66379000,22274000,22274000,-42091000,13614000,25968000,86196000,None,None,None,0,None,303000,None,3837000,-41788000,535000,None,None,-42749000,-41788000,-37951000,-42323000,CRWD
2018-07-31,USD,37126000,55701000,18575000,18575000,-30427000,8477000,18963000,67553000,None,None,None,236000,None,-1852000,None,3648000,-32515000,362000,None,-32877000,-33237000,-32279000,-28631000,-32877000,CRWD
2018-04-30,USD,27895000,47289000,19394000,19394000,-33114000,6777000,17615000,61009000,None,None,None,192000,None,-190000,None,3149000,-33496000,121000,None,-33617000,-33949000,-33304000,-30155000,-33617000,CRWD
2024-01-31,USD,7139000000,9251000000,7343000000,2148000000,1622000000,4069000000,1275000000,5517000000,None,None,None,None,9287000000,58000000,None,953000000,1645000000,199000000,None,1451000000,1552000000,1622000000,2575000000,1446000000,CRM
2023-10-31,USD,6565000000,8734000000,6877000000,2155000000,1501000000,3805000000,1204000000,5064000000,None,None,None,70000000,8720000000,58000000,None,862000000,1487000000,263000000,None,1224000000,1151000000,1501000000,2363000000,1224000000,CRM
2023-07-31,USD,6490000000,8639000000,6797000000,2113000000,1476000000,3745000000,1220000000,5014000000,None,-41000000,29000000,70000000,8603000000,45000000,None,890000000,1492000000,225000000,None,1267000000,1264000000,1476000000,2366000000,1267000000,CRM
2023-04-30,USD,6122000000,8245000000,7882000000,2125000000,412000000,3792000000,1207000000,5710000000,None,67000000,141000000,74000000,8247000000,55000000,None,1254000000,326000000,127000000,None,199000000,218000000,412000000,1666000000,199000000,CRM
2023-01-31,USD,6284000000,8096000000,7931000000,2100000000,357000000,3971000000,1128000000,5927000000,None,252000000,314000000,63000000,8447000000,-10000000,None,1032000000,33000000,131000000,None,-98000000,109000000,357000000,1389000000,-98000000,CRM
2022-10-31,USD,5749000000,7786000000,7038000000,2088000000,460000000,4009000000,1280000000,5289000000,None,-59000000,16000000,75000000,7752000000,-8000000,None,941000000,475000000,265000000,None,210000000,84000000,460000000,1401000000,210000000,CRM
2022-07-31,USD,5593000000,7839000000,7105000000,2127000000,193000000,4071000000,1329000000,5400000000,None,-65000000,11000000,76000000,7783000000,-57000000,None,907000000,181000000,113000000,None,68000000,23000000,193000000,1100000000,68000000,CRM
2022-04-30,USD,5366000000,7492000000,6979000000,2045000000,20000000,4028000000,1318000000,5346000000,None,-18000000,56000000,74000000,7457000000,-56000000,None,906000000,-29000000,-57000000,None,28000000,-116000000,20000000,926000000,28000000,CRM
2022-01-31,USD,5312000000,7272000000,7142000000,2014000000,-176000000,4197000000,1291000000,5488000000,None,-76000000,34000000,76000000,7326000000,-55000000,None,931000000,-197000000,-169000000,76000000,-28000000,-72000000,-176000000,810000000,-28000000,CRM
2021-10-31,USD,5019000000,7403000000,6585000000,1844000000,38000000,3778000000,1203000000,4981000000,None,-72000000,302000000,72000000,7361000000,-102000000,None,963000000,299000000,-169000000,72000000,468000000,430000000,38000000,1334000000,468000000,CRM
2021-07-31,USD,4727000000,7085000000,5707000000,1613000000,332000000,3375000000,1020000000,4395000000,None,-40000000,506000000,40000000,6978000000,-32000000,None,719000000,826000000,291000000,40000000,535000000,519000000,332000000,1585000000,535000000,CRM
2021-04-30,USD,4408000000,6369000000,5343000000,1555000000,354000000,3103000000,951000000,4054000000,None,-33000000,269000000,33000000,6392000000,-38000000,None,685000000,604000000,135000000,33000000,469000000,443000000,354000000,1322000000,469000000,CRM
2021-01-31,USD,4338000000,6122000000,5770000000,1479000000,193000000,3206000000,939000000,4145000000,None,-50000000,260000000,50000000,6172000000,-28000000,None,869000000,425000000,158000000,50000000,236000000,309000000,193000000,1344000000,267000000,CRM
2020-10-31,USD,4025000000,5412000000,4963000000,1394000000,224000000,2899000000,902000000,3801000000,19000000,-25000000,1030000000,25000000,5437000000,-10000000,None,670000000,1250000000,169000000,25000000,1081000000,1065000000,224000000,1945000000,1081000000,CRM
2020-07-31,USD,3840000000,5294000000,4724000000,1311000000,178000000,2764000000,898000000,3662000000,19000000,-25000000,676000000,25000000,5319000000,-21000000,None,649000000,839000000,-1786000000,25000000,2625000000,2692000000,178000000,1513000000,2625000000,CRM
2020-04-30,USD,3611000000,5199000000,4804000000,1254000000,-140000000,2892000000,859000000,3751000000,28000000,-25000000,195000000,25000000,5224000000,-5000000,None,658000000,47000000,-52000000,25000000,99000000,57000000,-140000000,730000000,99000000,CRM
2020-01-31,USD,3631000000,4851000000,4689000000,1220000000,-36000000,2836000000,831000000,3667000000,29000000,-30000000,30000000,30000000,4851000000,1000000,None,633000000,-4000000,244000000,30000000,-36000000,-267000000,-36000000,659000000,-248000000,CRM
2019-10-31,USD,3379000000,4625000000,4282000000,1134000000,65000000,2540000000,774000000,3314000000,32000000,-31000000,7000000,31000000,4665000000,-7000000,None,608000000,64000000,173000000,31000000,-109000000,-106000000,65000000,703000000,-109000000,CRM
2019-07-31,USD,3030000000,4029000000,3623000000,967000000,58000000,2199000000,607000000,2972000000,31000000,-34000000,31000000,34000000,3997000000,-3000000,None,457000000,164000000,73000000,34000000,91000000,79000000,58000000,655000000,91000000,CRM
2019-04-30,USD,2823000000,3964000000,3410000000,914000000,210000000,2059000000,554000000,2613000000,26000000,-35000000,272000000,35000000,3737000000,-9000000,None,437000000,482000000,90000000,35000000,392000000,385000000,210000000,954000000,392000000,CRM
2019-01-31,USD,2657000000,3603000000,3221000000,946000000,137000000,2002000000,518000000,2520000000,16000000,-41000000,None,41000000,3603000000,-23000000,None,275000000,239000000,-123000000,41000000,137000000,378000000,280000000,555000000,362000000,CRM
2018-10-31,USD,2503000000,3356000000,3075000000,889000000,92000000,1930000000,481000000,2411000000,13000000,-40000000,None,40000000,3392000000,-27000000,None,257000000,128000000,23000000,40000000,105000000,81000000,168000000,425000000,105000000,CRM
2018-07-31,USD,2432000000,3384000000,2955000000,849000000,115000000,1854000000,463000000,2317000000,12000000,-39000000,None,39000000,3281000000,-27000000,None,253000000,231000000,-68000000,39000000,299000000,282000000,270000000,523000000,299000000,CRM
2018-04-30,USD,2239000000,6180000000,2572000000,767000000,191000000,1624000000,424000000,2048000000,16000000,-34000000,None,34000000,3006000000,-17000000,None,197000000,385000000,41000000,34000000,344000000,330000000,419000000,616000000,344000000,CRM
2018-01-31,USD,2127000000,2851003000,2564276000,738000000,211000000,1638795000,396000000,1916000000,12000000,-21561000,439000,22000000,2865000000,-54000000,None,219000000,221000000,15000000,21561000,77869000,192000000,243000000,462000000,206000000,CRM
2017-10-31,USD,1987000000,2658284000,2357401000,714000000,155000000,1455347000,394000000,1832000000,10000000,-21557000,-557000,21000000,5402000000,1000000,None,188000000,146000000,39000000,21557000,51394000,102000000,167000000,355000000,107000000,CRM
2017-07-31,USD,1907000000,2539960000,2316606000,670000000,84000000,1453682000,387000000,1823000000,9000000,-21629000,371000,22000000,5154000000,0,None,192000000,63000000,17000000,21629000,17736000,54000000,85000000,277000000,46000000,CRM
2017-04-30,USD,1746000000,2365383000,2205488000,651000000,4000000,1369825000,376000000,1742000000,5000000,-22196000,-196000,22000000,2397000000,0,None,185000000,-10000000,-11000000,22196000,-9207000,86000000,12000000,197000000,1000000,CRM
2017-01-31,USD,1668031000,2293988000,625957000,625918000,-23345000,1347184000,344065000,1582659000,3253000,-24323000,12000,24335000,None,3500000,None,180521000,-13220000,38220000,24323000,-23345000,68954000,11115000,191636000,-51440000,CRM
2016-10-31,USD,1559253000,2144775000,585522000,585522000,3036000,1244758000,311459000,1556217000,3709000,-21946000,None,21946000,None,1782000,None,169346000,-12586000,24723000,21946000,-37309000,-89037000,9360000,178706000,-37309000,CRM
2016-07-31,USD,1511039000,2036618000,525579000,525579000,32551000,1186982000,291506000,1478488000,11916000,-20708000,None,20708000,None,524000,None,149361000,24283000,-205339000,20708000,229622000,246984000,44991000,194352000,229622000,CRM
2016-04-30,USD,1419622000,1916603000,496981000,496981000,51986000,1106666000,260970000,1367636000,8122000,-22011000,None,22011000,None,-13806000,None,132772000,37155000,-1604000,22011000,38759000,60099000,59166000,191938000,38759000,CRM
2016-01-31,USD,1365719000,1809398000,443679000,443679000,20560000,1094299000,250860000,1345159000,3990000,-19465000,None,19465000,None,-9228000,None,131912000,-4143000,21366000,19465000,20560000,-42101000,15322000,147234000,-25509000,CRM
2015-10-31,USD,1288284000,1711967000,423683000,423683000,43434000,1005638000,239212000,1244850000,3507000,-18249000,None,18249000,None,-7093000,None,134236000,43391000,68548000,18249000,-25157000,-30338000,61640000,195876000,-25157000,CRM
2015-07-31,USD,1229300000,1634684000,405384000,405384000,19824000,975376000,234100000,1209476000,3283000,-18096000,None,18096000,None,1947000,None,131675000,6958000,7810000,18096000,-852000,-644000,25054000,156729000,-852000,CRM
2015-04-30,USD,1129365000,1511167000,381802000,381802000,31105000,912749000,222128000,1098260000,4561000,-16675000,None,16675000,None,-918000,None,127927000,18073000,13981000,16675000,4092000,-152000,34748000,162675000,4092000,CRM
2015-01-31,USD,1088685000,1444608000,355923000,355923000,-34816000,917511000,205990000,1123501000,2983000,-16882000,None,16882000,0,-4783000,None,117938000,-53498000,12267000,16882000,-34816000,-88622000,-36616000,81322000,-65765000,CRM
2014-10-31,USD,1050444000,1383655000,333211000,333211000,-22042000,877026000,195460000,1072486000,2622000,-17682000,None,17682000,15625000,-372000,None,111954000,-21849000,17075000,17682000,-38924000,-51338000,-4167000,107787000,-38924000,CRM
2014-07-31,USD,1010720000,1318551000,307831000,307831000,-33434000,841045000,203109000,1044154000,2655000,-18314000,None,18314000,None,-3876000,None,107596000,-52969000,8119000,18314000,-61088000,-65223000,-34655000,72941000,-61088000,CRM
2014-04-30,USD,934467000,1226772000,292305000,292305000,-55341000,801450000,188358000,989808000,1778000,-20359000,None,20359000,None,-10847000,None,110808000,-84769000,12142000,20359000,-96911000,-99293000,-64410000,46398000,-96911000,CRM
2014-01-31,USD,871712000,1145242000,273530000,273530000,-103746000,802368000,173090000,975458000,1367000,-22743000,None,22743000,None,1975000,None,114813000,-123147000,-6524000,22743000,-103746000,-115749000,-100404000,14409000,-116623000,CRM
2013-10-31,USD,807847000,1076034000,268187000,268187000,-97931000,735088000,170690000,905778000,1110000,-22929000,None,22929000,None,-4291000,None,114347000,-124041000,393000,22929000,-124434000,-118867000,-101112000,13235000,-124434000,CRM
2013-07-31,USD,739377000,957094000,217717000,217717000,-39857000,631155000,148079000,779234000,4387000,-19656000,None,19656000,None,-1678000,None,77966000,-56804000,-133407000,19656000,76603000,74116000,-37148000,40818000,76603000,CRM
2013-04-30,USD,683639000,892633000,208994000,8000000,-44540000,596240000,131939000,728179000,3354000,-11883000,None,11883000,None,-874000,None,62297000,-53943000,13778000,11883000,-67721000,-71132000,-42060000,20237000,-67721000,CRM
2013-01-31,USD,651319000,834681000,183362000,50621000,-20807000,550939000,121187000,672126000,4041000,-8355000,None,8355000,None,-922000,None,57395000,-26043000,-5199000,8355000,-20807000,-27356000,-17688000,39707000,-20844000,CRM
2012-10-31,USD,602150000,788398000,186248000,52065000,-54188000,542264000,114074000,656338000,3887000,-8190000,None,8190000,None,-4360000,None,59960000,-62851000,157446000,8190000,-220297000,-216378000,-54661000,5299000,-220297000,CRM
2012-07-31,USD,569231000,731649000,162418000,43899000,-13466000,483255000,99442000,582697000,7173000,-8033000,None,8033000,None,294000,None,49999000,-14032000,-4203000,8033000,-9829000,-296000,-5999000,44000000,-9829000,CRM
2012-04-30,USD,543916000,695467000,151551000,42807000,-22249000,471389000,94776000,566165000,4461000,-6370000,None,6370000,None,-710000,None,49441000,-24868000,-5393000,6370000,-19475000,-21961000,-18498000,30943000,-19475000,CRM
2012-01-31,USD,495568000,631913000,136345000,36280000,-6377000,421332000,80613000,501945000,4965000,-5669000,None,5669000,None,-454000,None,45901000,-7535000,-3457000,5669000,-6377000,4628000,-1866000,44035000,-4078000,CRM
2011-10-31,USD,455695000,584260000,128565000,32259000,-10157000,389803000,76049000,465852000,5136000,-3859000,None,3859000,None,30000,None,41553000,-8850000,-5094000,3859000,-3756000,-6998000,-4991000,36562000,-3756000,CRM
2011-07-31,USD,425092000,546002000,120910000,31766000,-15748000,367447000,73393000,440840000,5112000,-3846000,None,3846000,None,-3231000,None,40239000,-17713000,-13445000,3846000,-4268000,2875000,-13867000,26372000,-4268000,CRM
2011-04-30,USD,401298000,504364000,103066000,27823000,-2803000,338809000,65292000,404101000,8055000,-3671000,None,3671000,None,-800000,None,29593000,781000,251000,3671000,530000,-6113000,4452000,34045000,530000,CRM
2011-01-31,USD,364556000,456867000,92311000,31195000,-391000,307417000,57530000,364947000,9426000,-3290000,None,3290000,None,-1366000,None,23738000,4422000,-6491000,3290000,-391000,8602000,7712000,31450000,10913000,CRM
2010-10-31,USD,346956000,429087000,82131000,28042000,35156000,264495000,47305000,311800000,11699000,-7374000,None,7374000,None,-921000,None,19710000,37264000,16192000,7374000,22368000,22247000,44638000,64348000,21072000,CRM
2010-07-31,USD,316582000,394372000,77790000,28809000,29682000,243970000,42930000,286900000,8735000,-7185000,None,7185000,None,-1765000,None,17793000,27628000,12884000,7185000,16583000,22530000,34813000,52606000,14744000,CRM
2010-04-30,USD,305232000,376813000,71581000,27524000,33050000,232060000,40122000,272182000,7875000,-7060000,None,7060000,None,-1973000,None,14505000,29761000,12016000,7060000,19876000,19244000,36821000,51326000,17745000,CRM
2010-01-31,USD,285990000,354049000,68059000,25631000,25519000,224024000,36447000,260471000,10628000,-20987000,-19780000,1207000,None,-262000,None,15287000,32657000,12263000,20987000,25519000,22203000,33864000,49151000,20394000,CRM
2009-10-31,USD,264979000,330549000,65570000,24825000,30141000,202075000,32763000,234838000,7503000,7211000,7503000,292000,None,-336000,None,13601000,36264000,15573000,-7211000,21443000,19468000,36556000,50157000,20691000,CRM
2009-07-31,USD,253565000,316061000,62496000,23525000,29489000,192973000,31103000,224076000,7747000,7454000,7747000,293000,None,-1072000,None,12144000,35228000,14030000,-7454000,43039000,23232000,35521000,47665000,21198000,CRM
2009-04-30,USD,243124000,304924000,61800000,61800000,30123000,43150000,31584000,213001000,4530000,None,None,208000,None,371000,None,12145000,34259000,15823000,None,None,None,34467000,46612000,18436000,CRM
2009-01-31,USD,230849000,289583000,58734000,58734000,16090000,40816000,29460000,214759000,None,None,None,17377000,None,252000,None,11033000,21617000,7864000,None,None,None,38994000,50027000,13753000,CRM
2008-10-31,USD,220139000,276487000,56348000,56348000,16133000,41284000,26270000,204006000,None,None,None,-3840000,None,534000,None,7910000,18948000,8824000,None,None,None,15108000,23018000,10124000,CRM
2008-07-31,USD,208986000,263077000,54091000,54091000,16098000,38081000,24033000,192888000,None,None,None,-6708000,None,None,None,8870000,20554000,10558000,None,None,None,13846000,22716000,9996000,CRM
2023-12-31,CNY,104134000000,260348000000,156214000000,156214000000,22511000000,11261000000,13488000000,73133000000,None,-5632000000,None,5632000000,None,None,None,14601000000,17318000000,4988000000,None,10717000000,None,31440000000,46041000000,14555000000,BABA
2023-09-30,CNY,85126000000,224790000000,139664000000,139664000000,33584000000,9408000000,14218000000,51542000000,None,3282000000,5136000000,1854000000,None,None,None,2431000000,38257000000,5797000000,None,26696000000,None,40111000000,42542000000,27847000000,BABA
2023-06-30,CNY,91809000000,234156000000,142347000000,142347000000,44521000000,34344000000,10465000000,189635000000,None,-7682000000,1784000000,7682000000,None,None,None,2494000000,36172000000,3758000000,None,33000000000,None,27044000000,29538000000,34242000000,BABA
2023-03-31,CNY,69377000000,208200000000,138823000000,138823000000,15240000000,37763000000,13880000000,192960000000,None,8760000000,10496000000,1736000000,None,None,None,2494000000,25308000000,3758000000,None,21996000000,None,27044000000,29538000000,23644000000,BABA
2022-12-31,CNY,97751000000,247756000000,150005000000,150005000000,54723000000,10327000000,13521000000,60006000000,None,13966000000,15516000000,1550000000,None,None,None,5530000000,50459000000,3820000000,None,45746000000,None,54723000000,60253000000,46913000000,BABA
2022-09-30,CNY,75966000000,207176000000,131210000000,131210000000,25137000000,10591000000,15150000000,50829000000,None,-43840000000,1388000000,43840000000,None,None,None,5673000000,-15759000000,2572000000,None,-22467000000,None,25137000000,30810000000,-20433000000,BABA
2022-06-30,CNY,65107000000,204052000000,138945000000,138945000000,16717000000,7415000000,10944000000,48390000000,None,4125000000,5369000000,37897000000,None,None,None,4451000000,-19560000000,2079000000,None,20298000000,None,16717000000,21168000000,-16116000000,BABA
2022-03-31,CNY,65107000000,204052000000,138945000000,138945000000,16717000000,34615000000,10944000000,48390000000,None,-37897000000,1189000000,1189000000,None,None,None,2831000000,-19560000000,2079000000,None,-18357000000,None,23860000000,26691000000,-16116000000,BABA
2021-12-31,CNY,95922000000,242580000000,146658000000,146658000000,7068000000,45171000000,15705000000,63713000000,None,17175000000,18361000000,1186000000,None,None,None,2837000000,29326000000,9553000000,None,19224000000,None,31285000000,34122000000,20546000000,BABA
2021-09-30,CNY,70940000000,200690000000,129750000000,129750000000,15006000000,37731000000,15297000000,55934000000,None,-12723000000,1267000000,1272300000,None,None,None,2906000000,3946000000,6087000000,None,3377000000,None,24298000000,27204000000,5488000000,BABA
2021-06-30,CNY,81643000000,205740000000,124097000000,124097000000,30847000000,34204000000,13302000000,69604000000,None,12834000000,12834000000,1160000000,None,None,None,3415000000,45838000000,7049000000,None,42835000000,None,2843000000,6258000000,45141000000,BABA
2021-03-31,CNY,61941000000,187395000000,125454000000,125454000000,-7663000000,27734000000,13519000000,50796000000,None,-1049000000,1049000000,1267000000,None,None,None,3073000000,-6597000000,9096000000,None,-7654000000,None,55431000000,58504000000,-5479000000,BABA
2020-12-31,CNY,99816000000,221084000000,121268000000,121268000000,49002000000,8692000000,13607000000,50814000000,None,38944000000,40036000000,1092000000,None,None,None,3172000000,90772000000,9194000000,None,77977000000,None,91864000000,95036000000,79535000000,BABA
2020-09-30,CNY,65099000000,155059000000,89960000000,89960000000,13634000000,11961000000,19245000000,51465000000,None,9409000000,10510000000,1101000000,None,None,None,2888000000,24191000000,1911000000,None,26524000000,None,25292000000,28180000000,28876000000,BABA
2020-06-30,CNY,41812000000,114314000000,72502000000,72502000000,7131000000,7871000000,10587000000,34681000000,None,21014000000,22137000000,8880000000,None,None,None,4044000000,-569000000,2628000000,None,46437000000,None,8311000000,12355000000,3220000000,BABA
2020-03-31,CNY,41812000000,114314000000,72502000000,72502000000,7131000000,7871000000,10587000000,34681000000,None,-8880000000,7715000000,8880000000,None,None,None,4044000000,-569000000,2628000000,None,348000000,None,8311000000,12355000000,3220000000,BABA
2019-12-31,CNY,77124000000,161456000000,84332000000,84332000000,39560000000,7415000000,11077000000,37564000000,None,15827000000,17136000000,1309000000,None,0,None,3272000000,56374000000,8407000000,None,50132000000,None,57683000000,60955000000,52174000000,BABA
2019-09-30,CNY,53471000000,119017000000,65546000000,65546000000,20364000000,6591000000,10938000000,32531000000,None,61988000000,63348000000,1360000000,None,0,None,3006000000,85523000000,2815000000,None,70748000000,None,87459000000,90465000000,72591000000,BABA
2019-06-30,CNY,54937000000,114924000000,59987000000,59987000000,24375000000,6320000000,10478000000,30562000000,None,-1159000000,187000000,1346000000,None,0,None,3066000000,25317000000,6712000000,None,19122000000,None,26663000000,29729000000,21448000000,BABA
2019-03-31,CNY,37888000000,93498000000,55610000000,55610000000,8765000000,7612000000,8659000000,29123000000,None,17362000000,17362000000,1303000000,None,0,None,3203000000,27576000000,5025000000,None,23379000000,None,28879000000,32082000000,25913000000,BABA
2018-12-31,CNY,56465000000,117278000000,60813000000,60813000000,26798000000,5853000000,8901000000,29667000000,None,None,None,1334000000,None,0,None,2809000000,37411000000,5586000000,None,654439607.58,None,38745000000,41554000000,33120000000,BABA
2018-09-30,CNY,38362000000,85148000000,46786000000,46786000000,13501000000,4779000000,8365000000,24861000000,None,None,None,1340000000,None,0,None,2611000000,17264000000,277000000,None,2655592598.52,None,18604000000,21215000000,20133000000,BABA
2018-06-30,CNY,29428000000,61932000000,32504000000,32504000000,9221000000,4551000000,6686000000,20207000000,None,None,None,1175000000,None,0,None,1329000000,10875000000,4164000000,None,1147270545.89,None,12050000000,13379000000,7669000000,BABA
2018-03-31,CNY,29428000000,61932000000,32504000000,32504000000,9221000000,4551000000,6686000000,20207000000,None,None,None,1175000000,None,None,None,1329000000,10875000000,4164000000,None,1057399888.54,None,12050000000,13379000000,7669000000,BABA
2017-12-31,CNY,47950000000,83028000000,35078000000,35078000000,25996000000,4572000000,6289000000,21460000000,None,None,None,844000000,None,None,None,2057000000,48447000000,6663000000,None,33986000000,None,49785000000,51842000000,24073000000,BABA
2017-09-30,CNY,33120000000,55122000000,22002000000,22002000000,16584000000,3439000000,5083000000,16536000000,None,None,None,747000000,None,None,None,1748000000,21009000000,2719000000,None,-24685000000,None,21756000000,23504000000,17668000000,BABA
2017-06-30,CNY,32724000000,50184000000,17460000000,17460000000,17513000000,3679000000,4696000000,15211000000,None,None,None,800000000,None,None,None,1986000000,20072000000,4653000000,None,14031000000,None,20872000000,22858000000,14683000000,BABA
2017-03-31,CNY,23089000000,38579000000,15490000000,15490000000,9532000000,3394000000,4518000000,13557000000,None,None,None,676000000,None,None,None,1313000000,15849000000,4553000000,None,24069000000,None,16525000000,17838000000,10647000000,BABA
2016-12-31,CNY,34122000000,53248000000,19126000000,19126000000,20664000000,3287000000,4420000000,13458000000,None,None,None,701000000,None,None,None,1261000000,23815000000,5110000000,None,17157000000,None,24516000000,25777000000,17855000000,BABA
2016-09-30,CNY,21169000000,34292000000,13123000000,13123000000,9045000000,2815000000,4134000000,12124000000,None,None,None,668000000,None,None,None,1297000000,9664000000,2022000000,None,0,None,10332000000,11629000000,7623000000,BABA
2016-06-30,CNY,20410000000,32154000000,11744000000,11744000000,8814000000,2743000000,3988000000,11596000000,None,None,None,626000000,None,None,None,1251000000,10701000000,2091000000,None,0,None,11327000000,12578000000,7550000000,BABA
2016-03-31,CNY,14622000000,24184000000,9562000000,9562000000,5112000000,2333000000,3573000000,9510000000,None,None,None,510000000,None,None,None,743000000,7851000000,1825000000,None,71289000000,None,8361000000,9104000000,5365000000,BABA
2015-12-31,CNY,23592000000,34543000000,10951000000,10951000000,12434000000,2500000000,3749000000,10703000000,None,None,None,475000000,None,None,None,813000000,16510000000,3559000000,None,0,None,17440000000,18253000000,12498000000,BABA
2015-09-30,CNY,15040000000,22171000000,7131000000,7131000000,6395000000,2128000000,3225000000,8645000000,None,None,None,484000000,None,None,None,728000000,24490000000,1671000000,None,0,None,24974000000,25702000000,22754000000,BABA
2015-06-30,CNY,13534000000,20245000000,6711000000,6711000000,5161000000,2244000000,3241000000,8373000000,None,None,None,477000000,None,None,None,647000000,32617000000,1394000000,None,0,None,33094000000,33741000000,30843000000,BABA
2015-03-31,CNY,11292000000,17425000000,6133000000,6133000000,2599000000,2477000000,3042000000,8693000000,None,None,None,475000000,None,None,None,643000000,4466000000,1203000000,None,24320000000,None,4941000000,5584000000,2893000000,BABA
2014-12-31,CNY,18659000000,26179000000,7520000000,7520000000,9347000000,2419000000,3083000000,9137000000,None,None,None,1344000000,None,None,None,614000000,9217000000,2429000000,None,0,None,10736000000,11350000000,5936000000,BABA
2014-09-30,CNY,11233000000,16829000000,5596000000,5596000000,4345000000,1960000000,2581000000,6888000000,None,None,None,521000000,None,None,None,598000000,4670000000,1339000000,None,-1387000000,None,5191000000,5789000000,3028000000,BABA
2014-06-30,CNY,11186000000,15771000000,4585000000,4585000000,6844000000,944000000,1952000000,4284000000,None,None,None,410000000,None,None,None,657000000,13973000000,1445000000,None,1387000000,None,14383000000,15040000000,12404000000,BABA
2014-03-31,CNY,8561000000,12031000000,3470000000,3470000000,5451000000,514000000,1200000000,2858000000,None,None,None,353000000,None,None,None,118000000,6917000000,1227000000,None,23403000000,None,7270000000,7388000000,5602000000,BABA
2013-12-31,CNY,14574000000,18745000000,4171000000,4171000000,8801000000,2046000000,1707000000,5773000000,None,None,None,387000000,None,None,None,123000000,9258000000,741000000,None,0,None,9645000000,9768000000,8326000000,BABA
2013-09-30,CNY,7949000000,10950000000,3001000000,3001000000,5248000000,793000000,1168000000,2657000000,None,None,None,374000000,None,None,None,39000000,5581000000,637000000,None,0,None,5999000000,6038000000,4943000000,BABA
2013-06-30,CNY,8051000000,10778000000,2727000000,2727000000,5420000000,865000000,1018000000,2631000000,None,None,None,1081000000,None,None,None,278000000,5046000000,591000000,None,0,None,6127000000,6405000000,4444000000,BABA
2013-03-31,CNY,1029201191,1395543399,366342208,366342208,716273831,87684015,137398439,-259995173,None,None,None,67573002,None,None,None,30729627,701633014,15284369,None,0,None,716273831,747003458,675247365,BABA
2012-12-31,CNY,0,1880713000,438690000,438690000,846878000,555019000,189100000,0,None,None,None,0,None,None,None,None,0,0,None,0,None,0,None,0,BABA
2012-09-30,CNY,0,1198116000,350227000,350227000,382856000,428048000,142742000,0,None,None,None,0,None,None,None,None,0,0,None,0,None,0,None,0,BABA
2012-06-30,CNY,0,1069259000,309460000,309460000,369117000,354793000,133480000,0,None,None,None,0,None,None,None,None,0,0,None,0,None,0,None,0,BABA
2012-03-31,CNY,2252640000,806106000,245104000,245104000,215456000,310671000,118740000,0,None,None,None,10798000,None,None,None,None,874474000,133704000,None,0,None,0,None,220624000,BABA
2011-12-31,CNY,0,1048076000,297956000,297956000,335788000,378006000,132440000,0,None,None,None,0,None,None,None,None,0,0,None,0,None,0,None,241441000,BABA
2011-09-30,CNY,0,690856000,200332000,200332000,129618000,325519000,109825000,0,None,None,None,0,None,None,None,None,0,0,None,0,None,0,None,89409000,BABA
2011-06-30,CNY,0,634795000,183801000,183801000,136923000,282509000,99018000,0,None,None,None,0,None,None,None,None,0,0,None,0,None,0,None,119904000,BABA
2023-12-31,USD,6947000000,8026000000,1079000000,4354000000,1728000000,1020000000,770000000,6298000000,None,-87000000,132000000,87000000,None,24000000,None,54000000,1793000000,391000000,87000000,1402000000,1508000000,1880000000,1934000000,1402000000,PYPL
2023-09-30,USD,6394000000,7418000000,1024000000,4049000000,1168000000,949000000,739000000,6250000000,None,-86000000,124000000,86000000,None,11000000,None,57000000,1241000000,221000000,86000000,1020000000,1164000000,1327000000,1384000000,1020000000,PYPL
2023-06-30,USD,6269000000,7287000000,1018000000,3939000000,1133000000,956000000,743000000,6154000000,None,-87000000,116000000,87000000,None,8000000,None,58000000,1303000000,274000000,87000000,1029000000,931000000,1390000000,1448000000,1029000000,PYPL
2023-03-31,USD,5884000000,7040000000,1156000000,3725000000,999000000,943000000,721000000,6041000000,None,-87000000,108000000,87000000,None,6000000,None,57000000,1074000000,279000000,87000000,795000000,825000000,1161000000,1218000000,795000000,PYPL
2022-12-31,USD,6205000000,7383000000,1178000000,3712000000,1244000000,1039000000,822000000,6139000000,None,-89000000,84000000,89000000,None,12000000,None,115000000,1110000000,189000000,89000000,921000000,674000000,1199000000,1314000000,921000000,PYPL
2022-09-30,USD,5669000000,6846000000,1177000000,3355000000,1118000000,1007000000,801000000,5728000000,None,-87000000,48000000,87000000,None,4000000,None,118000000,1578000000,248000000,87000000,1330000000,1213000000,1665000000,1783000000,1330000000,PYPL
2022-06-30,USD,5487000000,6806000000,1319000000,3492000000,764000000,1109000000,815000000,6042000000,None,-69000000,27000000,69000000,None,-1000000,None,120000000,49000000,390000000,69000000,-341000000,-461000000,118000000,238000000,-341000000,PYPL
2022-03-31,USD,5128000000,6483000000,1355000000,3186000000,711000000,1201000000,815000000,5772000000,None,-59000000,15000000,59000000,None,-52000000,None,118000000,629000000,120000000,59000000,509000000,201000000,688000000,806000000,509000000,PYPL
2021-12-31,USD,5565000000,6918000000,1353000000,3302000000,1050000000,1236000000,796000000,5868000000,None,-59000000,14000000,59000000,None,-9000000,None,117000000,706000000,-95000000,59000000,801000000,789000000,765000000,882000000,801000000,PYPL
2021-09-30,USD,5025000000,6182000000,1157000000,2832000000,1043000000,1047000000,755000000,5139000000,None,-58000000,15000000,58000000,None,-8000000,None,110000000,1165000000,78000000,58000000,1087000000,1255000000,1223000000,1333000000,1087000000,PYPL
2021-06-30,USD,4978000000,6238000000,1260000000,2693000000,1127000000,1150000000,746000000,5111000000,None,-57000000,13000000,57000000,None,-10000000,None,110000000,1356000000,172000000,57000000,1184000000,1245000000,1413000000,1523000000,1184000000,PYPL
2021-03-31,USD,4743000000,6033000000,1290000000,3066000000,1042000000,1126000000,741000000,4991000000,None,-58000000,15000000,58000000,None,-7000000,None,106000000,872000000,-225000000,58000000,1097000000,1228000000,930000000,1036000000,1097000000,PYPL
2020-12-31,USD,6116000000,6116000000,1347000000,2696000000,963000000,1174000000,732000000,5153000000,None,-59000000,16000000,59000000,None,-2000000,None,108000000,1859000000,292000000,59000000,6116000000,1415000000,1918000000,2026000000,1567000000,PYPL
2020-09-30,USD,4352000000,5459000000,1107000000,2366000000,977000000,974000000,674000000,4482000000,None,-58000000,17000000,58000000,None,-1000000,None,114000000,1144000000,123000000,58000000,1021000000,859000000,1202000000,1316000000,1021000000,PYPL
2020-06-30,USD,4173000000,5261000000,1088000000,2283000000,951000000,926000000,631000000,4310000000,None,-55000000,22000000,55000000,None,-7000000,None,115000000,1799000000,269000000,55000000,1530000000,1480000000,1854000000,1969000000,1530000000,PYPL
2020-03-31,USD,3611000000,4618000000,971000000,2330000000,398000000,857000000,605000000,4220000000,None,-37000000,33000000,37000000,4618000000,-7000000,None,114000000,263000000,179000000,37000000,84000000,137000000,300000000,414000000,84000000,PYPL
2019-12-31,USD,4961000000,4961000000,923000000,2294000000,799000000,872000000,558000000,4162000000,None,-37000000,53000000,37000000,4961000000,1000000,None,51000000,854000000,347000000,37000000,4961000000,386000000,891000000,942000000,507000000,PYPL
2019-09-30,USD,3585000000,4378000000,769000000,2041000000,697000000,717000000,533000000,3681000000,None,-29000000,47000000,29000000,4378000000,-3000000,None,52000000,484000000,22000000,29000000,462000000,438000000,513000000,565000000,462000000,PYPL
2019-06-30,USD,3454000000,4305000000,826000000,1945000000,705000000,775000000,483000000,3600000000,None,-27000000,48000000,27000000,4305000000,-1000000,None,51000000,943000000,120000000,27000000,823000000,820000000,970000000,1021000000,823000000,PYPL
2019-03-31,USD,3301000000,4128000000,805000000,1890000000,518000000,748000000,511000000,3610000000,None,-22000000,197000000,22000000,4128000000,-8000000,None,57000000,717000000,50000000,22000000,667000000,564000000,739000000,796000000,667000000,PYPL
2018-12-31,USD,4226000000,4283000000,2251000000,1918000000,598000000,779000000,289000000,3628000000,None,-20000000,None,20000000,4226000000,0,None,0,686000000,102000000,20000000,4226000000,596000000,706000000,706000000,584000000,PYPL
2018-09-30,USD,2793000000,3661000000,868000000,1661000000,490000000,680000000,269000000,3193000000,None,-22000000,None,22000000,3683000000,4000000,None,0,533000000,97000000,22000000,436000000,466000000,555000000,555000000,436000000,PYPL
2018-06-30,USD,2996000000,3857000000,861000000,1696000000,572000000,681000000,255000000,3285000000,None,-19000000,None,19000000,3857000000,-2000000,None,0,609000000,83000000,19000000,526000000,731000000,628000000,628000000,526000000,PYPL
2018-03-31,USD,6541000000,7375000000,834000000,1580000000,534000000,624000000,258000000,3151000000,None,-16000000,None,16000000,3690000000,2000000,None,0,548000000,37000000,16000000,511000000,484000000,564000000,564000000,511000000,PYPL
2017-12-31,USD,3744000000,3744000000,1841000000,1306000000,843000000,643000000,267000000,2901000000,None,-4000000,None,4000000,3744000000,2000000,None,-578000000,864000000,244000000,4000000,3744000000,620000000,868000000,290000000,620000000,PYPL
2017-09-30,USD,2474000000,3239000000,765000000,1465000000,423000000,571000000,240000000,2816000000,None,-1000000,None,1000000,3239000000,6000000,None,194000000,451000000,71000000,1000000,380000000,336000000,452000000,646000000,380000000,PYPL
2017-06-30,USD,2369000000,3136000000,767000000,1372000000,430000000,566000000,232000000,2706000000,None,None,None,None,3136000000,17000000,None,201000000,447000000,36000000,None,411000000,311000000,430000000,631000000,411000000,PYPL
2017-03-31,USD,2295000000,2981000000,686000000,1287000000,431000000,503000000,214000000,2544000000,None,None,None,None,6000000,7000000,None,183000000,438000000,54000000,None,384000000,327000000,431000000,614000000,384000000,PYPL
2016-12-31,USD,2981000000,2981000000,1805000000,1261000000,460000000,528000000,215000000,2521000000,None,None,None,3000000,7000000,9000000,None,189000000,469000000,79000000,None,2981000000,410000000,460000000,649000000,390000000,PYPL
2016-09-30,USD,1989000000,2667000000,678000000,1101000000,348000000,494000000,215000000,2319000000,None,None,None,None,5000000,12000000,None,184000000,360000000,37000000,None,323000000,310000000,348000000,532000000,323000000,PYPL
2016-06-30,USD,1963000000,2650000000,687000000,1065000000,371000000,511000000,209000000,2279000000,None,None,None,None,6000000,9000000,None,176000000,380000000,57000000,None,323000000,402000000,371000000,547000000,323000000,PYPL
2016-03-31,USD,1911000000,2550000000,639000000,1007000000,407000000,464000000,195000000,2137000000,None,None,None,None,6000000,15000000,None,175000000,422000000,57000000,None,365000000,347000000,407000000,582000000,365000000,PYPL
2015-12-31,USD,2556000000,2556000000,1387000000,995000000,411000000,415000000,208000000,2145000000,None,None,None,3000000,5000000,None,None,164000000,418000000,51000000,None,2556000000,355000000,411000000,575000000,367000000,PYPL
2015-09-30,USD,1729000000,2258000000,529000000,852000000,330000000,376000000,197000000,1928000000,None,None,None,None,5000000,20000000,None,153000000,350000000,49000000,None,301000000,280000000,330000000,483000000,301000000,PYPL
2015-06-30,USD,1766000000,2297000000,531000000,819000000,398000000,380000000,202000000,1899000000,None,None,None,None,None,1000000,None,150000000,399000000,94000000,None,305000000,187000000,398000000,548000000,305000000,PYPL
2015-03-31,USD,1384000000,2137000000,753000000,753000000,322000000,138000000,185000000,1815000000,None,None,None,None,None,None,None,141000000,321000000,66000000,None,None,287000000,322000000,463000000,255000000,PYPL
2014-12-31,USD,1406000000,2193000000,787000000,787000000,348000000,144000000,96000000,1845000000,None,None,None,None,None,None,None,132000000,347000000,61000000,None,419000000,326000000,348000000,480000000,286000000,PYPL
2014-09-30,USD,1258000000,1975000000,717000000,717000000,272000000,101000000,232000000,1703000000,None,None,None,None,None,None,None,129000000,276000000,42000000,None,None,349000000,272000000,401000000,234000000,PYPL
2014-06-30,USD,1314000000,1983000000,669000000,669000000,330000000,122000000,221000000,1653000000,None,None,None,None,None,None,None,125000000,326000000,45000000,None,None,290000000,330000000,455000000,281000000,PYPL
2014-03-31,USD,1231000000,1874000000,643000000,643000000,318000000,115000000,198000000,913000000,None,None,None,None,None,None,None,130000000,312000000,694000000,None,None,None,318000000,448000000,-382000000,PYPL
