fiscalDateEnding,reportedCurrency,grossProfit,totalRevenue,costOfRevenue,costofGoodsAndServicesSold,operatingIncome,sellingGeneralAndAdministrative,researchAndDevelopment,operatingExpenses,investmentIncomeNet,netInterestIncome,interestIncome,interestExpense,nonInterestIncome,otherNonOperatingIncome,depreciation,depreciationAndAmortization,incomeBeforeTax,incomeTaxExpense,interestAndDebtExpense,netIncomeFromContinuingOperations,comprehensiveIncomeNetOfTax,ebit,ebitda,netIncome,Symbol
2023-12-31,USD,2146000000,4917000000,2771000000,1270000000,1446000000,1624000000,None,2776000000,5000000,-284000000,5000000,289000000,None,-59000000,None,1147000000,1080000000,210000000,289000000,889000000,1253000000,1369000000,2516000000,870000000,FI
2023-09-30,USD,2642000000,4873000000,2231000000,1894000000,1503000000,1652000000,None,2055000000,10000000,-258000000,10000000,268000000,None,-35000000,None,579000000,1191000000,239000000,268000000,969000000,686000000,1459000000,2038000000,952000000,FI
2023-06-30,USD,2446000000,4756000000,2310000000,1929000000,1131000000,1696000000,None,2310000000,5000000,-232000000,5000000,237000000,None,-26000000,None,614000000,864000000,181000000,237000000,695000000,837000000,1101000000,1715000000,683000000,FI
2023-03-31,USD,1996000000,4547000000,2551000000,2005000000,934000000,1604000000,None,2555000000,8000000,-202000000,8000000,210000000,None,-20000000,None,947000000,687000000,124000000,210000000,576000000,698000000,897000000,1844000000,563000000,FI
2022-12-31,USD,2544000000,4631000000,2621000000,1980000000,1179000000,1499000000,None,2594000000,5000000,-199000000,5000000,204000000,None,-11000000,None,1094000000,951000000,169000000,204000000,798000000,1132000000,1155000000,2249000000,782000000,FI
2022-09-30,USD,2173000000,4518000000,2155000000,1996000000,855000000,1547000000,None,2275000000,3000000,-190000000,3000000,193000000,4518000000,-13000000,None,608000000,628000000,147000000,193000000,493000000,-53000000,821000000,1429000000,481000000,FI
2022-06-30,USD,2106000000,4450000000,2168000000,2044000000,860000000,1546000000,None,2168000000,2000000,-176000000,2000000,178000000,4450000000,-66000000,None,622000000,735000000,137000000,178000000,609000000,233000000,913000000,1535000000,598000000,FI
2022-03-31,USD,1565000000,4138000000,2405000000,1972000000,846000000,1467000000,None,2258000000,3000000,-168000000,3000000,171000000,4138000000,-4000000,None,938000000,767000000,98000000,171000000,682000000,774000000,938000000,1876000000,669000000,FI
2021-12-31,USD,1755000000,4780000000,2629000000,2203000000,533000000,1521000000,None,2629000000,0,-170000000,None,170000000,4257000000,35000000,None,1030000000,396000000,63000000,170000000,355000000,237000000,566000000,1596000000,333000000,FI
2021-09-30,USD,1842000000,3991000000,2149000000,2051000000,636000000,1476000000,None,2149000000,1000000,-172000000,1000000,173000000,4163000000,14000000,None,642000000,482000000,54000000,173000000,446000000,102000000,655000000,1297000000,428000000,FI
2021-06-30,USD,1777000000,3876000000,2099000000,1967000000,644000000,1440000000,None,2099000000,1000000,-175000000,1000000,176000000,4051000000,1000000,None,653000000,497000000,228000000,176000000,284000000,482000000,673000000,1326000000,269000000,FI
2021-03-31,USD,1324000000,3650000000,2326000000,1907000000,475000000,1373000000,None,2326000000,1000000,-176000000,1000000,177000000,3755000000,21000000,None,918000000,322000000,18000000,177000000,318000000,155000000,499000000,1417000000,304000000,FI
2020-12-31,USD,2373000000,3834000000,1459000000,1857000000,516000000,1459000000,None,1459000000,1000000,-174000000,1000000,175000000,3832000000,-6000000,None,886000000,320000000,20000000,175000000,313000000,744000000,495000000,1381000000,300000000,FI
2020-09-30,USD,1541000000,3669000000,2128000000,1868000000,542000000,1412000000,None,2092000000,2000000,-174000000,2000000,176000000,3822000000,13000000,None,671000000,388000000,124000000,176000000,276000000,77000000,564000000,1235000000,264000000,FI
2020-06-30,USD,1109000000,3312000000,2203000000,1920000000,165000000,1377000000,None,2206000000,2000000,-174000000,2000000,176000000,3462000000,1000000,None,694000000,-25000000,-27000000,176000000,9000000,169000000,151000000,845000000,2000000,FI
2020-03-31,USD,1600000000,4037000000,2437000000,2167000000,629000000,1404000000,None,2006000000,2000000,-187000000,2000000,189000000,4200000000,20000000,None,985000000,471000000,79000000,189000000,377000000,-239000000,660000000,1645000000,392000000,FI
2019-12-31,USD,2539000000,4050000000,1511000000,2109000000,478000000,1463000000,None,1506000000,4000000,-194000000,4000000,198000000,4050000000,-6000000,None,1550000000,301000000,54000000,198000000,241000000,446000000,499000000,2049000000,247000000,FI
2019-09-30,USD,1825000000,2978000000,1153000000,1617000000,374000000,1137000000,None,1153000000,23000000,-164000000,23000000,187000000,3128000000,-3000000,None,16000000,251000000,53000000,187000000,225000000,12000000,438000000,454000000,198000000,FI
2019-06-30,USD,1104000000,1448000000,344000000,785000000,384000000,343000000,None,344000000,6000000,-58000000,6000000,64000000,1512000000,2000000,None,1000000,283000000,60000000,64000000,223000000,115000000,347000000,348000000,223000000,FI
2019-03-31,USD,263000000,1502000000,1239000000,798000000,373000000,341000000,None,431000000,2000000,-57000000,2000000,59000000,1512000000,1000000,None,100000000,256000000,31000000,59000000,225000000,207000000,315000000,415000000,225000000,FI
2018-12-31,USD,431000000,1551000000,1120000000,822000000,431000000,298000000,None,298000000,6000000,-55000000,1000000,56000000,0,2000000,None,111000000,374000000,88000000,62000000,286000000,298000000,430000000,541000000,286000000,FI
2018-09-30,USD,358000000,1412000000,1054000000,749000000,356000000,305000000,None,307000000,2000000,-45000000,2000000,47000000,1402000000,1000000,None,96000000,305000000,78000000,55000000,227000000,214000000,352000000,448000000,227000000,FI
2018-06-30,USD,361000000,1420000000,1059000000,739000000,358000000,320000000,None,323000000,None,-45000000,None,45000000,1417000000,-3405000,None,96000000,323000000,72000000,45000000,251000000,241000000,368000000,464000000,251000000,FI
2018-03-31,USD,282000000,1440000000,1158000000,759000000,608000000,305000000,None,167000000,None,-45000000,None,45000000,1672000000,-1735000,None,94000000,563000000,140000000,45000000,423000000,421000000,608000000,702000000,423000000,FI
2017-12-31,USD,425000000,1516000000,1091000000,778000000,425000000,313000000,None,313000000,0,-44000000,1000000,45000000,0,306000,None,69000000,395000000,-151000000,45000000,532000000,547000000,440000000,509000000,546000000,FI
2017-09-30,USD,370000000,1400000000,1030000000,746000000,370000000,284000000,None,284000000,0,-45000000,None,45000000,0,123970000,None,68000000,330000000,98000000,45000000,232000000,236000000,375000000,443000000,232000000,FI
2017-06-30,USD,362000000,1386000000,1024000000,748000000,372000000,276000000,None,266000000,2000000,-44000000,None,44000000,10000000,1187000,None,69000000,330000000,109000000,44000000,221000000,229000000,374000000,443000000,221000000,FI
2017-03-31,USD,297000000,1394000000,1097000000,752000000,365000000,277000000,None,345000000,0,-42000000,None,42000000,0,431000,None,68000000,349000000,102000000,42000000,247000000,256000000,391000000,459000000,247000000,FI
2016-12-31,USD,375000000,1431000000,1056000000,761000000,375000000,295000000,None,295000000,0,-42000000,None,42000000,0,-16671000,None,66000000,334000000,119000000,42000000,215000000,208000000,376000000,442000000,215000000,FI
2016-09-30,USD,369000000,1380000000,1011000000,737000000,369000000,274000000,None,274000000,0,-41000000,None,41000000,0,-712000,None,65000000,328000000,114000000,41000000,214000000,219000000,369000000,434000000,214000000,FI
2016-06-30,USD,362000000,1363000000,1001000000,727000000,362000000,274000000,None,274000000,0,-40000000,None,40000000,0,-2512000,None,62000000,322000000,110000000,40000000,212000000,207000000,362000000,424000000,212000000,FI
2016-03-31,USD,262000000,1331000000,1069000000,734000000,339000000,258000000,None,335000000,-7000000,-40000000,None,40000000,0,-538000,None,60000000,438000000,149000000,40000000,289000000,294000000,478000000,538000000,289000000,FI
2015-12-31,USD,329000000,1368000000,1039000000,763000000,329000000,276000000,None,276000000,0,-38000000,None,39000000,0,3020000,None,60000000,287000000,98000000,38000000,189000000,190000000,326000000,386000000,189000000,FI
2015-09-30,USD,342000000,1313000000,971000000,713000000,342000000,258000000,None,258000000,0,-41000000,None,41000000,0,-4411000,None,56000000,335000000,117000000,41000000,218000000,209000000,376000000,432000000,218000000,FI
2015-06-30,USD,326000000,1298000000,972000000,710000000,326000000,262000000,None,262000000,0,-49000000,None,49000000,-85000000,-1796000,None,54000000,193000000,66000000,134000000,127000000,132000000,242000000,296000000,127000000,FI
2015-03-31,USD,261000000,1275000000,1014000000,723000000,314000000,238000000,None,291000000,1000000,-41000000,None,41000000,0,2620000,None,53000000,274000000,96000000,41000000,178000000,170000000,315000000,368000000,178000000,FI
2014-12-31,USD,317000000,1316000000,999000000,752000000,317000000,247000000,None,247000000,0,-41000000,None,41000000,0,0,None,53000000,278000000,97000000,41000000,181000000,175000000,319000000,372000000,181000000,FI
2014-09-30,USD,315000000,1263000000,948000000,705000000,315000000,243000000,None,243000000,0,-41000000,None,41000000,0,0,None,51000000,359000000,120000000,41000000,239000000,231000000,400000000,451000000,239000000,FI
2014-06-30,USD,307000000,1253000000,946000000,703000000,307000000,243000000,None,284000000,1000000,-41000000,None,41000000,None,1000000,None,48000000,267000000,101000000,41000000,166000000,171000000,308000000,356000000,166000000,FI
2014-03-31,USD,223000000,1234000000,1011000000,721000000,271000000,242000000,None,331000000,None,-41000000,None,41000000,None,0,None,48000000,234000000,66000000,41000000,168000000,174000000,275000000,323000000,168000000,FI
2013-12-31,USD,297000000,1263000000,966000000,700000000,297000000,266000000,None,266000000,None,-41000000,None,40000000,None,None,None,48000000,331000000,110000000,41000000,220000000,224000000,371000000,419000000,221000000,FI
2013-09-30,USD,280000000,1201000000,921000000,684000000,280000000,237000000,None,278000000,None,-41000000,None,41000000,None,4289000,None,48000000,238000000,79000000,41000000,161000000,163000000,279000000,327000000,159000000,FI
2013-06-30,USD,273000000,1198000000,925000000,680000000,273000000,245000000,None,286000000,None,-41000000,None,41000000,None,3592000,None,48000000,232000000,81000000,41000000,152000000,146000000,273000000,321000000,151000000,FI
2013-03-31,USD,132000000,1152000000,1020000000,712000000,211000000,229000000,None,349000000,None,-41000000,None,41000000,None,None,None,49000000,175000000,58000000,41000000,117000000,115000000,216000000,265000000,117000000,FI
2012-12-31,USD,289000000,1145000000,867000000,657000000,287000000,209000000,None,210000000,None,-39000000,None,39000000,None,1000000,None,48000000,272000000,93000000,39000000,158000000,180000000,311000000,359000000,179000000,FI
2012-09-30,USD,267000000,1107000000,851000000,644000000,265000000,206000000,None,255000000,None,-48000000,None,48000000,None,0,None,49000000,219000000,80000000,48000000,140000000,151000000,267000000,316000000,139000000,FI
2012-06-30,USD,259000000,1087000000,841000000,635000000,257000000,204000000,None,250000000,None,-44000000,None,44000000,None,6000000,None,46000000,221000000,60000000,44000000,162000000,150000000,265000000,311000000,161000000,FI
2012-03-31,USD,193000000,1097000000,915000000,661000000,239000000,205000000,None,254000000,None,-43000000,None,43000000,None,0,None,48000000,199000000,67000000,43000000,132000000,148000000,242000000,290000000,132000000,FI
2011-12-31,USD,281000000,1161000000,880000000,663000000,281000000,217000000,None,217000000,None,-44000000,None,44000000,0,0,None,48000000,229000000,86000000,188000000,153000000,144000000,273000000,321000000,143000000,FI
2011-09-30,USD,243000000,1063000000,820000000,631000000,243000000,189000000,None,213000000,None,-45000000,None,45000000,-24000000,0,None,48000000,182000000,55000000,24000000,127000000,95000000,227000000,275000000,127000000,FI
2011-06-30,USD,251000000,1065000000,814000000,624000000,251000000,190000000,None,251000000,None,-49000000,None,49000000,-61000000,1000000,None,49000000,139000000,49000000,61000000,97000000,84000000,188000000,237000000,90000000,FI
2011-03-31,USD,221000000,1048000000,827000000,624000000,221000000,203000000,None,203000000,None,-50000000,None,50000000,0,5000000,None,47000000,176000000,64000000,0,114000000,121000000,226000000,273000000,112000000,FI
2010-12-31,USD,267000000,1078000000,811000000,613000000,267000000,198000000,None,198000000,None,None,None,58000000,-26000000,None,None,49000000,193000000,77000000,26000000,119000000,135000000,267000000,316000000,116000000,FI
2010-09-30,USD,251000000,1025000000,774000000,589000000,251000000,185000000,None,185000000,None,None,None,49000000,None,None,None,48000000,205000000,73000000,None,134000000,139000000,251000000,299000000,132000000,FI
2010-06-30,USD,251000000,1022000000,771000000,586000000,251000000,185000000,None,185000000,None,None,None,46000000,None,None,None,83000000,205000000,78000000,None,130000000,121000000,251000000,334000000,127000000,FI
2010-03-31,USD,238000000,1008000000,770000000,598000000,238000000,172000000,None,172000000,None,None,None,45000000,None,None,None,84000000,194000000,73000000,None,123000000,120000000,238000000,322000000,121000000,FI
2009-12-31,USD,256000000,1062000000,806000000,611000000,256000000,195000000,None,195000000,None,None,None,59000000,None,None,None,85000000,197000000,79000000,None,128000000,138000000,256000000,349000000,118000000,FI
2009-09-30,USD,231000000,992000000,761000000,579000000,231000000,182000000,None,182000000,None,None,None,52000000,None,None,None,79000000,175000000,60000000,None,124000000,119000000,231000000,310000000,115000000,FI
2009-06-30,USD,232000000,1000000000,800000000,619000000,234000000,176000000,None,181000000,None,None,None,55000000,None,None,None,85000000,208000000,68000000,None,115000000,153000000,234000000,232000000,140000000,FI
2009-03-31,USD,419000000,1023000000,625000000,625000000,225000000,198000000,None,201000000,None,None,None,54000000,None,None,None,84000000,169000000,66000000,None,106000000,None,225000000,302000000,103000000,FI
2008-12-31,USD,421000000,1040000000,640000000,640000000,230000000,198000000,None,183000000,None,None,None,None,None,None,None,86000000,115000000,53000000,None,80000000,None,230000000,356000000,62000000,FI
2008-09-30,USD,418000000,1038000000,662000000,662000000,217000000,199000000,None,223000000,None,None,None,None,None,None,None,88000000,185000000,107000000,None,75000000,None,217000000,264000000,78000000,FI
2008-06-30,USD,443000000,1292000000,852000000,852000000,227000000,216000000,None,219000000,None,None,None,None,None,None,None,98000000,164000000,64000000,None,102000000,None,227000000,322000000,100000000,FI
2024-01-31,USD,1320055000,1649230000,329175000,20456000,359620000,401782000,552056000,960435000,None,-1324000,13150000,1324000,1652595000,-4885000,None,33650000,468009000,18897000,1324000,446207000,482302000,469333000,502983000,449112000,SNPS
2023-10-31,USD,1266785000,1599128000,332343000,103978000,430521000,341132000,488485000,836264000,None,-260000,9799000,260000,1597247000,-4131000,None,39181000,412386000,63196000,260000,346495000,300060000,412646000,451827000,349190000,SNPS
2023-07-31,USD,1179806000,1487288000,307482000,18374000,295474000,336848000,507402000,884332000,None,-342000,11877000,342000,1487314000,-7569000,None,32325000,324479000,-11773000,342000,333055000,334965000,324821000,357146000,336252000,SNPS
2023-04-30,USD,1096849000,1394863000,298014000,17872000,287332000,313198000,485597000,809517000,None,-312000,8099000,312000,1392489000,-3992000,None,31546000,294547000,21637000,312000,269948000,269246000,294859000,326405000,272910000,SNPS
2023-01-31,USD,1076986000,1361340000,284354000,18640000,255932000,308149000,465329000,821054000,None,-264000,6899000,264000,1364040000,-6240000,None,32633000,282133000,10597000,264000,268627000,363480000,282397000,315030000,271536000,SNPS
2022-10-31,USD,1001571000,1284292000,282721000,92691000,217373000,315862000,461618000,784198000,None,-359000,3669000,359000,1285534000,8981000,None,33847000,214072000,60572000,359000,151557000,74716000,214431000,248278000,153500000,SNPS
2022-07-31,USD,976585000,1247766000,271181000,19330000,233928000,290707000,444826000,742657000,None,-439000,2735000,439000,1247390000,1598000,None,34197000,239334000,16708000,439000,219646000,180232000,239773000,273970000,222626000,SNPS
2022-04-30,USD,1026418000,1279229000,252811000,14455000,363701000,265530000,389964000,662717000,None,-400000,1283000,400000,1284081000,-338000,None,28960000,340677000,45896000,400000,293892000,233139000,341077000,370037000,294781000,SNPS
2022-01-31,USD,1013271000,1270255000,256984000,13360000,347036000,261518000,383971000,666235000,None,-500000,None,500000,1269231000,472000,None,32112000,327589000,13902000,500000,313341000,311834000,328089000,360201000,313687000,SNPS
2021-10-31,USD,917693000,1152419000,234726000,75897000,190288000,286641000,413864000,727405000,None,-1064000,None,1064000,1152428000,-90000,None,31536000,199388000,-2059000,1064000,201137000,200254000,200452000,231988000,201447000,SNPS
2021-07-31,USD,852064000,1057130000,205066000,11870000,201923000,255274000,371146000,650141000,None,-757000,None,757000,1059886000,-1715000,None,30020000,213591000,14945000,757000,198392000,191590000,214348000,244368000,198646000,SNPS
2021-04-30,USD,810337000,1024323000,213986000,11408000,194231000,245448000,362345000,616106000,None,-807000,None,807000,1027165000,-2076000,None,29106000,216271000,21193000,807000,194802000,188498000,217078000,246184000,195078000,SNPS
2021-01-31,USD,762322000,970321000,207999000,11886000,148348000,248116000,357468000,613974000,None,-739000,None,739000,970006000,-1366000,None,29704000,177421000,15076000,739000,162028000,181644000,178160000,207864000,162345000,SNPS
2020-10-31,USD,800890000,1025439000,224549000,73820000,196132000,256295000,339566000,604758000,None,-750000,None,750000,1025728000,-5832000,None,31229000,192466000,-4989000,750000,196555000,216201000,193216000,224445000,197455000,SNPS
2020-07-31,USD,771126000,964134000,193008000,13718000,210598000,229972000,322602000,560528000,None,-941000,None,941000,964257000,141000,None,34527000,236854000,-16057000,941000,252911000,284121000,237795000,272322000,252911000,SNPS
2020-04-30,USD,677062000,861327000,184265000,13845000,125895000,208674000,302571000,551167000,None,-1846000,None,1846000,866366000,-1341000,None,35278000,110166000,246000,1846000,109920000,89201000,112012000,147290000,109920000,SNPS
2020-01-31,USD,641513000,834381000,192868000,13169000,87516000,221599000,314283000,553997000,None,-1603000,None,1603000,834474000,-384000,None,32798000,99573000,-4488000,1603000,104061000,113197000,101176000,133974000,104061000,SNPS
2019-10-31,USD,668338000,851081000,182743000,66196000,129721000,224594000,290503000,538617000,None,-1051000,None,1051000,851670000,-1773000,None,34517000,131623000,-29091000,1051000,160714000,164920000,132674000,167191000,160714000,SNPS
2019-07-31,USD,666338000,852970000,186632000,13603000,127594000,224491000,284804000,538744000,None,-2214000,None,2214000,853666000,360000,None,34525000,132911000,32982000,2214000,99929000,99996000,135125000,169650000,99929000,SNPS
2019-04-30,USD,645563000,836242000,190679000,14881000,115502000,215003000,290299000,530061000,None,-3841000,None,3841000,838960000,1385000,None,36248000,133917000,15707000,3841000,118210000,119342000,137758000,174006000,118210000,SNPS
2019-01-31,USD,627509000,820401000,192892000,17443000,147414000,198020000,271326000,480095000,None,-4554000,None,4554000,819985000,-1243000,None,39783000,147055000,-6459000,4554000,153514000,168839000,151609000,191392000,153514000,SNPS
2018-10-31,USD,604500000,795082000,190582000,-415582000,61525000,230368000,290875000,542975000,None,-4326000,None,4326000,1735000,1509000,None,46719000,52248000,-202080000,4326000,-172000000,235804000,56574000,103293000,254328000,SNPS
2018-07-31,USD,594333000,779714000,185381000,185381000,63968000,242289000,277402000,530365000,None,-4558000,None,4558000,1627000,1363000,None,42350000,71893000,-7516000,4558000,79409000,47145000,76451000,118801000,79409000,SNPS
2018-04-30,USD,598057000,776836000,178779000,178779000,127014000,205997000,252134000,471043000,None,-3880000,None,3880000,1117000,1366000,None,42818000,119299000,16827000,3880000,102472000,77275000,123179000,165997000,102472000,SNPS
2018-01-31,USD,588270000,769426000,181156000,181156000,107718000,206884000,264411000,480552000,None,-2843000,None,2843000,-1019000,1171000,None,39006000,120103000,123794000,2843000,-3691000,25096000,122946000,161952000,-3691000,SNPS
2017-10-31,USD,529780000,696644000,166864000,207464000,91713000,180196000,244515000,438067000,None,-1816000,None,1816000,477000,-214000,None,33022000,99926000,220008000,1816000,-120082000,-118397000,101742000,134764000,-120082000,SNPS
2017-07-31,USD,525835000,695381000,169546000,169546000,105370000,177870000,228663000,420465000,None,-2320000,None,2320000,278000,657000,None,35428000,112791000,-3960000,2320000,116751000,128336000,115111000,150539000,116751000,SNPS
2017-04-30,USD,518041000,680069000,162028000,162028000,53606000,220649000,223015000,464435000,None,-1860000,None,1860000,-623000,1635000,None,36350000,62020000,8714000,1860000,53306000,73050000,63880000,100230000,53306000,SNPS
2017-01-31,USD,497040000,652786000,155746000,155746000,96874000,167377000,212648000,400166000,None,-1308000,None,1308000,3222000,559000,None,38521000,108361000,21773000,1308000,86588000,92171000,109669000,148190000,86588000,SNPS
2016-10-31,USD,491508000,633719000,142211000,181011000,82757000,173658000,221954000,408751000,None,-1042000,None,1042000,452000,1105000,None,36493000,82752000,10055000,1042000,82752000,77675000,83794000,120287000,72697000,SNPS
2016-07-31,USD,475527000,615204000,139677000,139677000,76722000,169876000,221874000,398805000,None,-1208000,None,1208000,-94000,1958000,None,39500000,85231000,20513000,1208000,64718000,58226000,86439000,125939000,64718000,SNPS
2016-04-30,USD,473375000,605005000,131630000,131630000,86806000,162479000,216172000,386569000,None,-848000,None,848000,-783000,2452000,None,39524000,97223000,27847000,848000,69376000,95108000,98071000,137595000,69376000,SNPS
2016-01-31,USD,439160000,568604000,129444000,129444000,71110000,162317000,196705000,368050000,None,-673000,None,673000,580000,2139000,None,45311000,64342000,4307000,673000,60035000,36615000,65015000,110326000,60035000,SNPS
2015-10-31,USD,447315000,587159000,139844000,172144000,57558000,174514000,208305000,389757000,None,-757000,None,757000,1046000,916000,None,46640000,55918000,6156000,757000,55918000,40252000,56675000,103315000,49762000,SNPS
2015-07-31,USD,426334000,555805000,129471000,129471000,61482000,160913000,197999000,364852000,None,-599000,None,599000,1111000,844000,None,39995000,65193000,9806000,599000,55387000,48052000,65792000,105787000,55387000,SNPS
2015-04-30,USD,432232000,557204000,124972000,124972000,75927000,161554000,188315000,356305000,None,-804000,None,804000,511000,1725000,None,39395000,83884000,28288000,804000,55596000,64311000,84688000,124083000,55596000,SNPS
2015-01-31,USD,417410000,542043000,124633000,124633000,71499000,142523000,181610000,345911000,None,-653000,None,653000,3694000,1624000,None,39656000,76615000,11426000,653000,65189000,30033000,77268000,116924000,65189000,SNPS
2014-10-31,USD,417591000,539012000,121421000,150121000,57500000,163201000,190373000,360091000,None,-241000,None,241000,330000,885000,None,40572000,62128000,-327000,241000,62128000,41878000,57500000,102941000,62455000,SNPS
2014-07-31,USD,406282000,521812000,115530000,115530000,67227000,149709000,182809000,339055000,None,-715000,None,715000,80000,816000,None,40252000,70771000,5115000,715000,65656000,63998000,67227000,111738000,65656000,SNPS
2014-04-30,USD,403612000,517697000,114085000,114085000,63834000,155359000,178043000,339778000,None,-582000,None,582000,-109000,1183000,None,39311000,68059000,4742000,582000,63317000,69889000,63834000,107952000,63317000,SNPS
2014-01-31,USD,373102000,478951000,105849000,105849000,60156000,140025000,167543000,312946000,None,-357000,None,357000,893000,9083000,None,34373000,71184000,3488000,357000,67696000,49966000,60156000,105914000,67696000,SNPS
2013-10-31,USD,385766000,504875000,119109000,145409000,51014000,154002000,175057000,334752000,None,-371000,None,371000,-101000,2245000,None,37063000,59057000,2167000,371000,59057000,68366000,59428000,96491000,56890000,SNPS
2013-07-31,USD,367298000,482945000,115647000,115647000,54995000,139891000,166668000,312303000,301000,-404000,None,404000,217000,222000,None,38836000,58172000,5875000,404000,52297000,40133000,58576000,97412000,52297000,SNPS
2013-04-30,USD,391524000,499257000,107733000,107733000,79503000,136184000,169962000,312021000,928000,-456000,None,456000,1505000,971000,None,38947000,86707000,18016000,456000,68691000,56883000,87163000,126110000,68691000,SNPS
2013-01-31,USD,364074000,475137000,111063000,111063000,60981000,139696000,157510000,303093000,335000,-464000,None,464000,4404000,1061000,None,39076000,71730000,1808000,464000,69922000,69184000,72194000,111270000,69922000,SNPS
2012-10-31,USD,351689000,454213000,102524000,102524000,39490000,153288000,153568000,312199000,316000,-528000,None,528000,39000,914000,None,34454000,42228000,13651000,528000,29081000,45343000,42756000,77210000,28577000,SNPS
2012-07-31,USD,343958000,443747000,99789000,99789000,63395000,131773000,143955000,280563000,323000,-736000,None,736000,-349000,-125000,None,31577000,61085000,-14571000,736000,75656000,66575000,61821000,93398000,75656000,SNPS
2012-04-30,USD,332055000,432561000,100506000,100506000,17136000,158784000,151230000,314919000,450000,-710000,None,710000,1961000,852000,None,4905000,23489000,2518000,710000,20971000,22485000,24199000,29104000,20971000,SNPS
2012-01-31,USD,335642000,425496000,89854000,89854000,70003000,129243000,132875000,265639000,478000,-17000,None,17000,25000,720000,None,3521000,73829000,17135000,17000,56694000,53484000,73846000,77367000,56694000,SNPS
2011-10-31,USD,305149000,390534000,85385000,85385000,56317000,119873000,125415000,248832000,431000,None,None,39230000,723000,-8859000,None,3544000,53555000,13613000,None,39942000,20537000,56317000,59861000,39942000,SNPS
2011-07-31,USD,302063000,386795000,84732000,84732000,58179000,117784000,122547000,243884000,521000,None,None,10467000,-483000,-2212000,None,3553000,55967000,3885000,None,52082000,49913000,58179000,61732000,52082000,SNPS
2011-04-30,USD,307642000,393670000,86028000,71120000,51685000,129032000,123169000,255957000,551000,None,None,11340000,-396000,5574000,None,3756000,57259000,-23855000,None,81114000,94932000,51685000,55441000,81114000,SNPS
2011-01-31,USD,280339000,364644000,84305000,71070000,46662000,109189000,120740000,233677000,614000,None,None,17423000,2611000,5670000,None,3748000,52332000,4106000,None,48226000,50810000,46662000,50410000,48226000,SNPS
2010-10-31,USD,295716000,375459000,79743000,68376000,33257000,129918000,129298000,262459000,851000,None,None,41650000,-313000,-6002000,None,3243000,39696000,14295000,None,25401000,33416000,33257000,36500000,25401000,SNPS
2010-07-31,USD,270186000,336929000,66743000,58693000,50793000,111183000,105649000,219393000,1315000,None,None,16308000,-1234000,-3046000,None,2561000,47747000,8420000,None,39327000,31346000,50793000,53354000,39327000,SNPS
2010-04-30,USD,269079000,338106000,69027000,69027000,44968000,28713000,113050000,224111000,None,None,None,2772000,None,8905000,None,24567000,53873000,14324000,None,None,None,44968000,60630000,39549000,SNPS
2010-01-31,USD,264586000,330167000,65581000,65581000,55092000,25853000,101232000,209494000,None,None,None,22570000,None,2250000,None,25652000,57342000,-75444000,None,None,None,55092000,78494000,132786000,SNPS
2009-10-31,USD,265106000,338278000,73172000,73172000,24922000,35492000,114116000,240184000,None,None,None,21716000,None,6891000,None,26872000,31813000,12285000,None,None,None,24922000,36115000,19528000,SNPS
2009-07-31,USD,275142000,345177000,70035000,70035000,61089000,27735000,104989000,214053000,None,None,None,18108000,None,5384000,None,2956000,66473000,19037000,None,None,None,61089000,59461000,47436000,SNPS
2023-12-31,USD,784532000,1058793000,274261000,11939000,336528000,256110000,367443000,631398000,None,-8989000,7384000,8989000,1067782000,34523000,None,4981000,362062000,38163000,8989000,323899000,342206000,371051000,376032000,323899000,CDNS
2023-09-30,USD,744211000,1010467000,266256000,10991000,292906000,234771000,369642000,624907000,None,-9059000,8453000,9059000,1019526000,16106000,None,4612000,299953000,45632000,9059000,254321000,231770000,309012000,313624000,254321000,CDNS
2023-06-30,USD,727970000,967665000,239695000,10618000,299328000,221675000,354416000,583493000,None,-8877000,7427000,8877000,976542000,7973000,None,4302000,298424000,77304000,8877000,221120000,217999000,307301000,311603000,221120000,CDNS
2023-03-31,USD,777710000,1012430000,234720000,10260000,322463000,220193000,350295000,574969000,None,-9260000,None,9260000,1021690000,8284000,None,4267000,321487000,79683000,9260000,241804000,246052000,330747000,335014000,241804000,CDNS
2022-12-31,USD,632529000,887793000,255264000,10442000,211117000,239882000,350423000,594978000,None,-9082000,5158000,9082000,900836000,8490000,None,4927000,210525000,-29867000,9082000,240392000,270888000,219607000,224534000,240392000,CDNS
2022-09-30,USD,652752000,895792000,243040000,8867000,260752000,226613000,323629000,557802000,None,-5463000,None,5463000,901255000,-3017000,None,3946000,252272000,65967000,5463000,186305000,145552000,257735000,261681000,186305000,CDNS
2022-06-30,USD,642290000,854029000,211739000,10068000,282888000,190722000,286597000,488268000,None,-4281000,None,4281000,858310000,-5962000,None,4633000,272645000,85725000,4281000,186920000,153459000,276926000,281559000,186920000,CDNS
2022-03-31,USD,691588000,897658000,206070000,11971000,318929000,189123000,290895000,484650000,None,-4108000,None,4108000,901766000,-4900000,None,4964000,309921000,74586000,4108000,235335000,220727000,314029000,318993000,235335000,CDNS
2021-12-31,USD,533960000,765072000,231112000,11802000,195680000,213811000,288953000,508554000,None,-4251000,None,4251000,770247000,2625000,None,4979000,194054000,17475000,4251000,176579000,170831000,198305000,203284000,176579000,CDNS
2021-09-30,USD,543656000,746699000,203043000,11774000,194034000,186391000,289105000,480374000,None,-4196000,None,4196000,750895000,-1143000,None,5000000,188695000,12388000,4196000,176307000,170536000,192891000,197891000,176307000,CDNS
2021-06-30,USD,530576000,723969000,193393000,12232000,185438000,176300000,285227000,466388000,None,-4316000,None,4316000,728285000,2143000,None,5030000,183265000,27365000,4316000,155900000,161145000,187581000,192611000,155900000,CDNS
2021-03-31,USD,542911000,731811000,188900000,11768000,203937000,172778000,270992000,448201000,None,-4217000,None,4217000,736028000,2701000,None,4631000,202421000,15252000,4217000,187169000,177557000,206638000,211269000,187169000,CDNS
2020-12-31,USD,531181000,754659000,223478000,12393000,184979000,195766000,290309000,501935000,None,-4873000,None,4873000,764338000,6083000,None,4775000,186189000,12451000,4873000,173738000,189933000,191062000,195837000,173738000,CDNS
2020-09-30,USD,485718000,661282000,175564000,11447000,169272000,159666000,250934000,415051000,None,-5325000,None,5325000,666607000,1766000,None,4438000,165713000,4083000,5325000,161630000,173027000,171038000,175476000,161630000,CDNS
2020-06-30,USD,460588000,632504000,171916000,11484000,151950000,156117000,250821000,411253000,None,-5914000,None,5914000,638418000,4630000,None,4590000,150666000,19378000,5914000,131288000,132846000,156580000,161170000,131288000,CDNS
2020-03-31,USD,439985000,613320000,173335000,10860000,139351000,159336000,241668000,404066000,None,-4637000,None,4637000,617957000,-4534000,None,4206000,130180000,6192000,4637000,123988000,114339000,134817000,139023000,123988000,CDNS
2019-12-31,USD,392291000,586420000,194129000,9873000,108899000,169360000,235372000,420618000,None,-4222000,None,4222000,595444000,748000,None,2787000,105425000,-554250000,4222000,659675000,662741000,109647000,112434000,659675000,CDNS
2019-09-30,USD,408178000,575363000,167185000,9925000,120826000,154572000,240542000,397802000,None,-4240000,None,4240000,579603000,122000,None,2874000,116708000,15194000,4240000,101514000,89519000,120948000,123822000,101514000,CDNS
2019-06-30,USD,421982000,575443000,153461000,11299000,133675000,150615000,231814000,385275000,None,-4976000,None,4976000,580419000,-110000,None,3159000,128589000,21354000,4976000,107235000,105313000,133565000,136724000,107235000,CDNS
2019-03-31,USD,421800000,571351000,149551000,9854000,128396000,146932000,228210000,377578000,None,-5391000,None,5391000,576742000,5241000,None,3308000,128246000,7691000,5391000,120555000,119260000,133637000,136945000,120555000,CDNS
2018-12-31,USD,401510000,563275000,161765000,9474000,113690000,144598000,218271000,380348000,None,-4318000,None,4318000,564293000,-735000,None,3468000,108637000,10212000,4318000,98425000,95996000,112955000,116423000,98425000,CDNS
2018-09-30,USD,382138000,527291000,145153000,9505000,103630000,141855000,223231000,368384000,None,-5177000,None,5177000,532468000,1106000,None,3470000,99559000,241000,5177000,99318000,90139000,104736000,108206000,99318000,CDNS
2018-06-30,USD,345643000,511722000,166079000,18833000,93056000,144175000,219129000,366375000,None,-6669000,None,6669000,518391000,3638000,None,3518000,90025000,14876000,6669000,75149000,56037000,96694000,100212000,75149000,CDNS
2018-03-31,USD,344773000,510338000,165565000,21479000,85833000,142447000,224185000,368937000,None,-6975000,None,6975000,517313000,-689000,None,3630000,78169000,5284000,6975000,72885000,85093000,85144000,88774000,72885000,CDNS
2017-12-31,USD,322753000,501024000,178271000,20979000,81278000,140943000,203468000,363383000,None,-6712000,None,6712000,-2920000,2385000,None,3571000,76951000,91393000,6712000,-14442000,-8052000,83663000,87234000,-14442000,CDNS
2017-09-30,USD,315553000,479173000,163620000,19657000,80385000,140565000,206568000,350531000,None,-6225000,None,6225000,485398000,12387000,None,3453000,86547000,5390000,6225000,81157000,85725000,92772000,96225000,81157000,CDNS
2017-06-30,USD,311172000,472753000,161581000,22003000,82690000,136671000,195901000,335479000,None,-6248000,None,6248000,None,924000,None,3836000,77366000,8239000,6248000,69127000,76815000,83614000,87450000,69127000,CDNS
2017-03-31,USD,315126000,470432000,155306000,18075000,79602000,135163000,198286000,335517000,None,-6479000,None,6479000,None,1059000,None,3856000,74182000,5923000,6479000,68259000,71143000,80661000,84517000,68259000,CDNS
2016-12-31,USD,294567000,472604000,178037000,18638000,53117000,128068000,181516000,340474000,None,-6364000,None,6364000,7320000,5481000,None,3889000,52234000,13757000,6364000,38477000,22467000,58598000,62487000,38477000,CDNS
2016-09-30,USD,291076000,440167000,149091000,17867000,66842000,127234000,191547000,322771000,None,-6053000,None,6053000,None,2836000,None,3889000,63625000,-1087000,6053000,64712000,65547000,69678000,73567000,64712000,CDNS
2016-06-30,USD,286341000,447125000,160784000,18823000,66906000,137498000,182371000,324332000,None,-5896000,None,5896000,None,2842000,None,4537000,63852000,14517000,5896000,49335000,46615000,69748000,74285000,49335000,CDNS
2016-03-31,USD,276766000,442505000,165739000,17873000,58036000,127500000,179906000,327772000,None,-5357000,None,5357000,None,4763000,None,5780000,57442000,6880000,5357000,50562000,55722000,62799000,68579000,50562000,CDNS
2015-12-31,USD,287543000,444833000,157290000,20223000,81840000,130341000,161970000,299037000,None,-4200000,None,4200000,5606000,2510000,None,5679000,80150000,-224000,4200000,80374000,74898000,84350000,90029000,80374000,CDNS
2015-09-30,USD,269557000,429586000,160029000,24005000,77901000,130034000,154627000,290651000,None,-4177000,None,4177000,None,1839000,None,5687000,75563000,-2061000,4177000,77624000,71416000,79740000,85427000,77624000,CDNS
2015-06-30,USD,257913000,407703000,149790000,20040000,76404000,124129000,157974000,287724000,None,-8180000,None,8180000,None,1347000,None,6119000,69571000,11411000,8180000,58160000,53606000,77751000,83870000,58160000,CDNS
2015-03-31,USD,242586000,399612000,157026000,18526000,49285000,127910000,162996000,301496000,None,-11754000,None,11754000,None,4781000,None,6231000,42312000,6053000,11754000,36259000,27725000,54066000,60297000,36259000,CDNS
2014-12-31,USD,260452000,414165000,153713000,18640000,74786000,129306000,155124000,290197000,337000,-11961000,None,11961000,None,3879000,None,6912000,66704000,1674000,11961000,65030000,52033000,78665000,85577000,65030000,CDNS
2014-09-30,USD,232680000,393429000,160749000,17125000,54049000,126281000,148744000,292368000,507000,-7523000,None,7523000,None,-417000,None,6316000,46109000,8574000,7523000,37535000,30758000,53632000,59948000,37535000,CDNS
2014-06-30,USD,215845000,371457000,155612000,16706000,35497000,130653000,152672000,298541000,498000,-7369000,None,7369000,None,1635000,None,5579000,29763000,6500000,7369000,23263000,26394000,37132000,42711000,23263000,CDNS
2014-03-31,USD,223451000,372026000,148575000,14902000,42312000,127067000,146466000,283756000,486000,-7268000,None,7268000,None,3382000,None,5210000,38426000,5356000,7268000,33070000,37749000,45694000,50904000,33070000,CDNS
2013-12-31,USD,204156000,366357000,162201000,17274000,37799000,123865000,135465000,288239000,431000,-9208000,None,9208000,None,842000,None,5157000,29433000,-8272000,9208000,37705000,41132000,38641000,43798000,37705000,CDNS
2013-09-30,USD,209466000,357559000,148093000,17190000,47930000,125676000,138078000,277195000,366000,-9583000,None,9583000,None,2535000,None,5141000,40882000,2382000,9583000,38500000,33301000,50465000,55606000,38500000,CDNS
2013-06-30,USD,195527000,353176000,157649000,15148000,45142000,129718000,136395000,288424000,484000,-9528000,None,9528000,None,2018000,None,5327000,37632000,28203000,9528000,9429000,-2310000,47160000,52487000,9429000,CDNS
2013-03-31,USD,204759000,346958000,142199000,18344000,58136000,120212000,124084000,255926000,425000,-9262000,None,9262000,None,2175000,None,3791000,51049000,-27560000,9262000,78609000,72481000,60311000,64102000,78609000,CDNS
2012-12-31,USD,169371000,340313000,170942000,43790000,56261000,123316000,118382000,251636000,947000,-8902000,None,8902000,None,5369000,None,3772000,52728000,-261146000,8902000,313874000,311700000,61630000,65402000,313874000,CDNS
2012-09-30,USD,167166000,331180000,164014000,51270000,59441000,108811000,115078000,236559000,399000,-8737000,None,8737000,None,-131000,None,3876000,50573000,-8011000,8737000,58584000,59554000,59310000,63186000,58584000,CDNS
2012-06-30,USD,155155000,318980000,163825000,49477000,50620000,110662000,112031000,234945000,288000,-8566000,None,8566000,1070000,3669000,None,3643000,45723000,9337000,8566000,36386000,33087000,54289000,57932000,36386000,CDNS
2012-03-31,USD,127471000,307510000,180039000,46586000,45350000,111565000,108594000,250584000,337000,-8537000,None,8537000,100000,2434000,None,21939000,39247000,8143000,8537000,31104000,28605000,47784000,69723000,31104000,CDNS
2011-12-31,USD,59269000,298944000,239675000,48765000,45699000,112649000,97024000,298202000,288000,-10441000,None,10441000,1379000,-2033000,None,22714000,33225000,22333000,10441000,10892000,11647000,43666000,66380000,10892000,CDNS
2011-09-30,USD,131139000,288265000,157126000,49818000,32177000,103955000,103154000,215913000,318000,-10830000,None,10830000,None,7244000,None,22651000,28591000,485000,10830000,28106000,27708000,39421000,62072000,28106000,CDNS
2011-06-30,USD,120306000,279351000,159045000,51406000,24957000,102383000,99268000,217567000,324000,-10768000,None,10768000,None,8394000,None,23376000,22583000,-4325000,10768000,26908000,24969000,33351000,56727000,26908000,CDNS
2011-03-31,USD,91616000,257323000,165707000,45167000,17544000,97674000,101299000,225007000,373000,-10986000,None,10986000,None,4469000,None,22907000,11027000,4704000,10986000,6323000,5802000,22013000,44920000,6323000,CDNS
2011-12-31,USD,60666000,236915000,176249000,38849000,-25782000,104639000,97828000,243116000,348000,-10464000,None,10464000,None,2574000,None,23540000,-33672000,3365000,10848000,-37037000,-26779000,-23208000,332000,-37037000,CDNS
2010-09-30,USD,82560000,226302000,143742000,39819000,-3083000,101146000,97275000,211545000,303000,-10476000,None,10476000,None,-2907000,None,23462000,-16466000,-143219000,10476000,126753000,129391000,-5990000,17472000,126753000,CDNS
2010-06-30,USD,86046000,216011000,129965000,39160000,5219000,88571000,91880000,195736000,302000,-7972000,None,7972000,None,-3100000,None,19868000,-5853000,-54460000,13293000,48607000,43218000,2119000,21987000,48607000,CDNS
2010-03-31,USD,183323000,221938000,38615000,38615000,-5320000,22834000,89430000,189717000,None,None,None,7431000,None,5974000,None,21465000,-6777000,5008000,None,None,None,654000,22119000,-11785000,CDNS
2010-12-31,USD,210169000,249018000,38849000,38849000,-11256000,21421000,97828000,206926000,None,None,None,7280000,None,4723000,None,21805000,-13813000,-15603000,None,10892000,None,-6533000,15272000,1790000,CDNS
2009-09-30,USD,177473000,216122000,38649000,38649000,-10141000,28732000,88049000,187789000,None,None,None,7278000,None,2917000,None,21311000,-14502000,-455000,None,None,None,-7224000,14087000,-14047000,CDNS
2009-06-30,USD,163902000,209929000,46027000,46027000,-53778000,34240000,90653000,199152000,None,None,None,7266000,None,-2533000,None,2828000,-63577000,10780000,None,None,None,-56311000,-32422000,-74357000,CDNS
2023-12-31,USD,1955000000,4261000000,2306000000,2306000000,240000000,730000000,686000000,1715000000,178000000,-6000000,178000000,6000000,158000000,None,None,135000000,230000000,65000000,-8000000,1955000000,241000000,240000000,371000000,165000000,MELI
2023-09-30,USD,1995000000,3760000000,1765000000,1765000000,685000000,637000000,396000000,1310000000,196000000,-2000000,196000000,2000000,3517000000,None,None,135000000,531000000,172000000,10000000,359000000,288000000,685000000,668000000,359000000,MELI
2023-06-30,USD,1720000000,3415000000,1695000000,1695000000,558000000,572000000,368000000,1162000000,188000000,-3000000,188000000,3000000,3236000000,6000000,None,128000000,472000000,210000000,-8000000,262000000,358000000,558000000,603000000,262000000,MELI
2023-03-31,USD,1536000000,3037000000,1501000000,1501000000,340000000,563000000,381000000,1196000000,161000000,-2000000,161000000,2000000,2952000000,74000000,None,126000000,323000000,122000000,2000000,198000000,274000000,340000000,451000000,201000000,MELI
2022-12-31,USD,1458000000,3002000000,1544000000,1544000000,349000000,556000000,325000000,1109000000,123000000,-2000000,123000000,2000000,3002000000,59000000,None,122000000,309000000,144000000,2000000,1458000000,228000000,349000000,433000000,165000000,MELI
2022-09-30,USD,1348000000,2690000000,1342000000,1342000000,296000000,486000000,278000000,1052000000,65000000,-2000000,65000000,2000000,2614000000,-6000000,None,97000000,198000000,69000000,2000000,129000000,91000000,296000000,297000000,129000000,MELI
2022-06-30,USD,1284000000,2234000000,2087000000,1313000000,250000000,469000000,262000000,1034000000,46000000,-2000000,46000000,2000000,2537000000,-14000000,None,100000000,162000000,39000000,2000000,124000000,20000000,250000000,264000000,123000000,MELI
2022-03-31,USD,1073000000,2243000000,1961000000,1175000000,139000000,700000000,234000000,934000000,31000000,-2000000,31000000,2000000,2245000000,28000000,None,84000000,111000000,46000000,2000000,65000000,194000000,139000000,197000000,65000000,MELI
2021-12-31,USD,853000000,2130766000,1995900000,1277000000,24000000,650212000,179000000,829000000,53374000,-1576000,53374000,1576000,2130766000,-3577000,None,67000000,-42000000,4000000,1576000,853165000,-65000000,24000000,26576000,-46000000,MELI
2021-09-30,USD,807000000,1832093000,1561033000,1051000000,160000000,508541000,138000000,647000000,35352000,-1412000,35352000,1412000,1832093000,10150000,None,52000000,126000000,31000000,1412000,95225000,45000000,160000000,179412000,95000000,MELI
2021-06-30,USD,754000000,1690846000,1390920000,949000000,166000000,440770000,147000000,588000000,24165000,-1128000,24165000,1128000,1690846000,12074000,None,47000000,138000000,70000000,1128000,68195000,128000000,166000000,186128000,68000000,MELI
2021-03-31,USD,591000000,1362515000,1199978000,787000000,91000000,374498000,126000000,500000000,25071000,-837000,25071000,837000,1363352000,9982000,None,38000000,10000000,44000000,837000,-34012000,-72000000,91000000,48837000,-34000000,MELI
2020-12-31,USD,489000000,1327304000,1267997000,839015000,-24818000,397171000,117515000,513642000,22648000,-1614000,22648000,1614000,1327304000,12718000,None,32564000,-44457000,6543000,1614000,489034000,-9033000,-24818000,-10279000,-51000000,MELI
2020-09-30,USD,480000000,1085266000,945307000,635511000,83074000,308320000,88796000,397116000,24553000,-303000,24553000,303000,1085266000,-5882000,None,28234000,52635000,37635000,303000,15035000,10885000,83074000,81172000,15000000,MELI
2020-06-30,USD,427000000,876466000,707388000,451197000,99438000,254480000,73254000,327734000,18782000,-388000,18782000,388000,876466000,16879000,None,22652000,89393000,33393000,388000,55947000,47310000,99438000,112433000,56000000,MELI
2020-03-31,USD,313000000,651397000,629900000,339277000,-29694000,269073000,73435000,342508000,36784000,-508000,36784000,508000,651905000,36598000,None,21550000,-16571000,4429000,508000,-21109000,-111162000,-29694000,5487000,-21000000,MELI
2019-12-31,USD,308347000,674271000,705940000,365924000,-68887000,319214000,58020000,377234000,26933000,-688000,26933000,688000,674271000,27100000,None,20802000,-62974000,-8976000,688000,308347000,-46230000,-68887000,-41484000,-53998000,MELI
2019-09-30,USD,284342000,604018000,626357000,318689000,-81925000,306772000,59495000,366267000,28462000,-621000,28462000,621000,604018000,29449000,None,19543000,-66927000,79155000,621000,-146082000,-172072000,-81925000,-46763000,-146082000,MELI
2019-06-30,USD,272430000,546025000,504726000,272812000,-12488000,230995000,53923000,284918000,33684000,-337000,33684000,337000,546025000,34467000,None,17281000,7300000,-8917000,337000,16217000,20356000,-12488000,24918000,16217000,MELI
2019-03-31,USD,237004000,473770000,236766000,236766000,10139000,174496000,52369000,226865000,24444000,-152000,5216000,152000,-3669000,20775000,None,15694000,15355000,3491000,152000,11864000,10853000,10139000,31201000,11864000,MELI
2018-12-31,USD,204783000,428019000,223235000,223235000,-818000,166640000,38962000,205602000,14293000,None,None,16443000,428019000,10431000,None,11931000,-6832000,-4495000,None,204783000,-8133000,-818000,11113000,-2337000,MELI
2018-09-30,USD,169718000,355281000,185563000,185563000,-11003000,145243000,35478000,180721000,8636000,None,None,15869000,3924000,12560000,None,11295000,-14312000,-4234000,None,-10078000,-9736000,-11003000,292000,-10078000,MELI
2018-06-30,USD,159749000,335377000,175628000,175629000,-28242000,154553000,33437000,187990000,9915000,-4764000,None,4764000,12577000,22492000,None,11482000,-18951000,-7700000,4764000,-11251000,-98130000,-28242000,-2705000,-11251000,MELI
2018-03-31,USD,162758000,320976000,158218000,158218000,-29419000,153781000,38396000,192177000,9195000,-4763000,None,4763000,5601000,14796000,None,11084000,-25357000,-12438000,4763000,-12919000,-29312000,-29419000,-9510000,-12919000,MELI
2017-12-31,USD,203363000,358064000,154701000,-286634000,-64609000,148069000,34161000,267971000,8881000,-4649000,None,4649000,358064000,6721000,None,10968000,-64671000,3049000,4649000,117602000,-73740000,-64609000,-49054000,-67720000,MELI
2017-09-30,USD,175827000,304921000,129094000,326477000,27542000,115905000,32380000,148285000,14200000,-4677000,None,4677000,1622000,15822000,None,10870000,36655000,8989000,4677000,27666000,21073000,27542000,52202000,27666000,MELI
2017-06-30,USD,171554000,283882000,112328000,261565000,30025000,108354000,30338000,141529000,10663000,-4593000,None,4593000,-21760000,-11097000,None,10080000,12422000,7106000,4593000,5316000,-16605000,30025000,27095000,5316000,MELI
2017-03-31,USD,168856000,269675000,100819000,195536000,63314000,75240000,30302000,105542000,12157000,-4593000,None,4593000,663000,12820000,None,9003000,69663000,21145000,4593000,48518000,60014000,63314000,83259000,48518000,MELI
2016-12-31,USD,162730000,256275000,93545000,182548000,64672000,71802000,26256000,98058000,10250000,-4510000,None,4510000,119276000,9748000,None,8324000,67621000,16272000,4510000,162730000,40487000,64672000,80455000,51349000,MELI
2016-09-30,USD,145648000,230847000,85199000,163862000,53709000,65873000,26066000,91939000,9892000,-4510000,None,4510000,-4823000,5069000,None,7520000,52286000,13374000,4510000,38912000,37044000,53709000,64316000,38912000,MELI
2016-06-30,USD,126298000,199644000,73346000,144556000,32187000,56178000,24216000,94111000,8049000,-4432000,None,4432000,-5387000,2662000,None,6926000,28218000,12360000,4432000,15858000,18124000,32187000,39576000,15858000,MELI
2016-03-31,USD,102182000,157630000,55448000,120758000,30489000,49752000,21941000,71693000,7251000,-4431000,None,4431000,5147000,12398000,None,6252000,37203000,6956000,4431000,30247000,20176000,30489000,47886000,30247000,MELI
2015-12-31,USD,117570000,180732000,63162000,140759000,33692000,61382000,22497000,83878000,5793000,-4355000,None,4355000,114117000,23566000,None,6253000,53028000,14063000,4355000,117570000,-19527000,33692000,63636000,38965000,MELI
2015-09-30,USD,111828000,168641000,56813000,117047000,45280000,49506000,17042000,66548000,5777000,-4355000,None,4355000,2570000,8347000,None,5986000,47616000,1976000,4355000,45640000,23502000,45280000,57957000,45640000,MELI
2015-06-30,USD,104003000,154314000,50311000,107880000,34637000,49727000,19639000,69366000,4683000,-4279000,None,4279000,-648000,4035000,None,5889000,33471000,14008000,4279000,19463000,17778000,34637000,43639000,19463000,MELI
2015-03-31,USD,103395000,148103000,44708000,97056000,25588000,44336000,17245000,77807000,4308000,-4283000,None,4283000,-8570000,-4262000,None,5081000,16376000,14655000,4283000,1721000,-20169000,25588000,25740000,1721000,MELI
2014-12-31,USD,113704000,161369000,47665000,105471227,45237000,52440987,16027166,68468000,4366406,-4233854,None,4233854,76708638,9665887,None,4601000,49961329,15800000,4233854,113704529,22834000,45237000,58796183,34161329,MELI
2014-09-30,USD,104533000,147935000,43402000,92122386,47147000,43812562,13574467,57386000,4360901,-4209241,None,4209241,5220080,9580981,None,4763000,51828000,18062000,4209241,33751967,13899000,47147000,60800241,33766000,MELI
2014-06-30,USD,95478000,131850000,36372000,82518627,-5913000,40153895,11740808,101390000,3572917,None,None,778155,-15964572,-12391655,None,4064000,-19089000,6506000,None,-25588478,-25024000,-5913000,-1849000,-25595000,MELI
2014-03-31,USD,83843000,115383000,31540000,73817200,34001000,37584369,12257198,49841000,3035630,None,None,1027180,3093471,6129101,None,3519000,39039000,8775000,None,30327953,13658000,34001000,37520000,30264000,MELI
2013-12-31,USD,98425000,134630632,36205632,75061413,52119021,36634640,9670938,46305809,2295481,None,None,976413,52067573,43806,None,3285609,55813940,14977533,None,98424659,25167499,52119021,55404630,40836407,MELI
2013-09-30,USD,88910000,123054989,34144989,76744001,37399063,39436793,12074586,51511379,2776791,None,None,487496,1575592,-42217,None,3137368,41221733,12075486,None,29146247,21818362,37399063,40536431,29146247,MELI
2013-06-30,USD,81106000,112183211,31077211,68630184,35449295,35896634,9760220,45656854,2202314,None,None,531668,3600866,1393,None,2834684,40722200,10701182,None,30021018,15734531,35449295,38283979,30021018,MELI
2013-03-31,USD,74077000,102726167,28649167,66844560,28571184,36123007,9382389,45505396,3394006,None,None,360352,-6249714,-3733,None,2621339,25351391,7828800,None,17522591,16289683,28571184,31192523,17522591,MELI
2012-12-31,USD,76351784,103754646,27402862,57970892,39128520,30299578,6686830,37223264,2880600,None,None,273902,489096,30,None,2547083,42224342,11977954,None,76351784,26765339,39128520,41675603,30246388,MELI
2012-09-30,USD,71573179,97266784,25693605,57738123,33713687,29876191,7983301,37859492,2925913,None,None,312860,-193529,-179707,None,2354739,35953504,9885607,None,26067897,24837775,33713687,36068426,26067897,MELI
2012-06-30,USD,64951178,88844059,23892881,50638643,31884920,26932439,6133819,33066258,2982303,None,None,474300,749008,-7009,None,2090847,35134922,9740098,None,25394824,15316545,31884920,33975767,25394824,MELI
2012-03-31,USD,62639709,83736006,21096297,52761862,24930744,30122891,7586074,37708965,3088560,None,None,77317,1032978,-4252,None,1966624,26904757,7267719,None,19637038,22683254,24930744,26897368,19637038,MELI
2011-12-31,USD,65741114,86465654,20724540,52177380,28965890,30026238,6748985,36775223,2868565,None,None,1086100,272183,-179254,None,2018907,30841285,9219854,None,65741114,18866692,28965890,30984797,21621431,MELI
2011-09-30,USD,61567671,81628145,20060474,46900074,29963723,25678928,5925019,31603947,2913596,-1052865,None,1052865,3284190,-7292,None,1943373,35101354,8804905,1052865,26296447,10334006,36154219,38097592,26296449,MELI
2011-06-30,USD,52439042,69378160,16939118,42922433,21551397,25368753,5518892,30887645,2249898,-880819,None,880819,-702714,240097,None,1764652,22457859,7637033,880819,14820826,18052266,23338678,25103330,14820826,MELI
2011-03-31,USD,47127964,61459667,14331703,5156890,19291156,22679919,5156890,27836809,1873768,-628950,None,628950,500655,20344,None,1541143,20055663,5998029,628950,14057634,14882781,20684613,22225756,14057634,MELI
2010-12-31,USD,48521916,62316230,13794314,4430276,20969024,23122616,4430276,27552892,1857788,None,None,682364,-69722,None,None,1327494,22074726,6135233,None,48521916,15533307,20969024,22296518,15939493,MELI
2010-09-30,USD,44500459,55951378,11450919,4224476,19310706,20965277,4224476,25189753,1361899,-567969,-1,567968,-354219,1361899,None,1406803,19750417,959454,567969,18790963,22447005,19310706,21725188,18790963,MELI
2010-06-30,USD,41098770,52510331,11411561,3976466,18814567,18307737,3976466,22284203,917388,-3355921,None,3355921,-35478,917388,None,1240480,16340555,4666593,3355921,11673963,10420151,18814567,20936956,11673962,MELI
2010-03-31,USD,36044723,45937774,9893051,9893051,15504266,6206881,3224775,20540457,None,None,None,2995418,None,None,None,946873,13699962,4079361,None,None,None,15504266,16451139,9620601,MELI
2009-12-31,USD,38682129,49020045,10337916,10337916,17871602,6166592,3124460,20810527,None,None,None,3639551,None,None,None,934475,14927229,3641659,None,None,None,17871602,18806077,11285570,MELI
2009-09-30,USD,40208605,50599276,10390671,10390671,18982350,6882020,3295436,21226255,None,None,None,3873230,None,None,None,1013895,12389525,2537257,None,None,None,18982350,19996245,9852268,MELI
2009-06-30,USD,32306322,40901799,8595477,8595477,12412223,6729609,3087206,19894099,None,None,None,3334589,None,None,None,988891,8333535,1653756,None,None,None,12412223,14003288,6679779,MELI
2009-03-31,USD,25688515,32322501,6633986,6633986,6767544,6071375,2633419,18920971,None,None,None,2510184,None,None,None,956491,7062509,1671333,None,None,None,7697207,8653698,5391176,MELI
2023-12-31,USD,817702000,1909478000,1091776000,1218877000,346416000,666452000,None,765225000,28225000,-103183000,28225000,103183000,2012661000,-1227000,411599000,86649000,270393000,42825000,103112000,227477000,463461000,373576000,460225000,227568000,EQIX
2023-09-30,USD,970768000,2039759000,1068991000,1068991000,380351000,616396000,None,658116000,23111000,-101385000,23111000,101385000,2141144000,-5972000,410642000,46428000,295779000,19985000,101745000,275760000,38240000,397164000,443592000,275794000,EQIX
2023-06-30,USD,850696000,1911496000,1060800000,1060800000,332386000,621445000,None,667745000,23503000,-99973000,23503000,99973000,2011469000,-11518000,409208000,42523000,244415000,37385000,99973000,207013000,203762000,344388000,386911000,207030000,EQIX
2023-03-31,USD,905598000,1911689000,1006091000,1006091000,384121000,605545000,None,705892000,19388000,-97481000,19388000,97481000,2009170000,7503000,404626000,95004000,313841000,55055000,97227000,258730000,363044000,411322000,506326000,258786000,EQIX
2022-12-31,USD,907842000,1878542000,970700000,970700000,282200000,607416000,None,718083000,18462000,-94200000,18462000,94200000,1736278000,-28895000,385968000,91815000,177570000,48807000,94057000,128903000,495234000,271770000,363585000,128763000,EQIX
2022-09-30,USD,953444000,1888113000,934669000,934669000,333159000,568572000,None,612287000,11192000,-91346000,11192000,91346000,1979459000,-6735000,378319000,39456000,246413000,34606000,91271000,211739000,-125354000,337759000,377215000,211807000,EQIX
2022-06-30,USD,930738000,1860995000,930257000,930257000,317853000,564075000,None,610149000,4508000,-90826000,4508000,90826000,1951821000,-6238000,381395000,41105000,224957000,8635000,91246000,216242000,-149520000,315783000,356888000,216322000,EQIX
2022-03-31,USD,736115000,1651990000,915875000,915875000,267316000,545198000,None,644354000,2106000,-79965000,2106000,79965000,1731955000,-9549000,385771000,89692000,180197000,32744000,79436000,147693000,180290000,260162000,349854000,147453000,EQIX
2021-12-31,USD,856180000,1766615000,910435000,910435000,249725000,533509000,None,647040000,1130000,-80227000,1130000,80227000,1705895000,-5802000,376045000,91892000,165173000,41899000,80013000,123141000,79284000,245400000,337292000,123274000,EQIX
2021-09-30,USD,773093000,1658743000,885650000,885650000,282121000,517622000,None,549388000,411000,-78943000,411000,78943000,1737686000,1482000,368577000,41983000,205440000,53224000,78764000,152026000,51569000,284383000,326366000,152216000,EQIX
2021-06-30,USD,611454000,1476574000,865120000,865120000,278654000,507615000,None,551255000,374000,-87231000,374000,87231000,1563805000,-39377000,364562000,37110000,49812000,-18527000,189691000,68487000,136073000,137043000,174153000,68339000,EQIX
2021-03-31,USD,739190000,1550407000,811217000,811217000,297662000,484283000,None,579448000,729000,-89681000,729000,89681000,1640088000,-6950000,341622000,89523000,188990000,32628000,102739000,156074000,60882000,278671000,368194000,156362000,EQIX
2020-12-31,USD,733380000,1564115000,830735000,830735000,228606000,480199000,None,594887000,1244000,-90912000,1244000,90912000,-4576826000,-2697000,327247000,85179000,92298000,41304000,134913000,733380000,239427000,183210000,268389000,50994000,EQIX
2020-09-30,USD,751788000,1519767000,767979000,767979000,288350000,452077000,None,495338000,1452000,-99736000,1452000,99736000,1376202000,162000,310466000,31900000,96590000,29903000,193230000,66831000,105177000,196326000,228226000,66687000,EQIX
2020-06-30,USD,730777000,1470121000,739344000,739344000,282488000,435014000,None,477186000,1685000,-108480000,1685000,108480000,1354797000,4278000,299231000,28897000,178057000,44753000,110348000,133350000,199682000,286537000,315434000,133304000,EQIX
2020-03-31,USD,708260000,1444542000,736282000,736282000,253484000,442047000,None,532367000,4273000,-107338000,4273000,107338000,1571474000,5170000,287378000,73657000,148983000,30191000,113779000,118957000,-153264000,256321000,329978000,118792000,EQIX
2019-12-31,USD,691499000,1417135000,725636000,725636000,312974000,406060000,None,455058000,7532000,-117617000,7532000,117617000,-112314000,12336000,281855000,70372000,162627000,37632000,170375000,691499000,230618000,280244000,350616000,124995000,EQIX
2019-09-30,USD,692471000,1396810000,704339000,704339000,285368000,403386000,None,428416000,8201000,-118674000,8201000,118674000,77568000,3428000,273054000,21313000,178677000,57827000,118359000,120811000,39057000,297351000,318664000,120850000,EQIX
2019-06-30,USD,686798000,1384977000,698179000,698179000,291781000,391857000,None,414828000,7762000,-120547000,7762000,120547000,10561000,12180000,270007000,19811000,190851000,47324000,120547000,143852000,127449000,311398000,331209000,143527000,EQIX
2019-03-31,USD,681188000,1363218000,682030000,682030000,279508000,384761000,None,455809000,4202000,-122846000,110293000,122846000,8819000,-166000,263643000,49535000,160647000,42569000,123228000,117747000,121415000,283493000,333028000,118078000,EQIX
2018-12-31,USD,639148000,1310083000,670935000,670935000,270717000,367950000,None,427039000,3002000,-129978000,None,129978000,-12186000,4498000,256891000,49973000,136076000,26054000,142164000,68397000,86468000,266054000,316027000,110022000,EQIX
2018-09-30,USD,623442000,1283751000,660309000,660309000,265753000,364822000,None,357689000,2912000,-130566000,None,130566000,1492000,3744000,253934000,51792000,143335000,18510000,129074000,143335000,80671000,273901000,325693000,124825000,EQIX
2018-06-30,USD,610142000,1261943000,651801000,651801000,215038000,364691000,None,395104000,3958000,-134673000,None,134673000,-19215000,8866000,256296000,51035000,73974000,6356000,153888000,73974000,-92207000,208647000,259682000,67618000,EQIX
2018-03-31,USD,593447000,1215877000,622430000,622430000,225875000,362933000,None,421469000,4610000,-126277000,None,126277000,-21491000,-3064000,256952000,50616000,79653000,16759000,147768000,79653000,132038000,205930000,256546000,62894000,EQIX
2017-12-31,USD,580596000,1200221000,619625000,619625000,232043000,341428000,None,403566000,3255000,-126144000,None,126144000,-23669000,8668000,243337000,48940000,94153000,28938000,149813000,40303000,63973000,220297000,269237000,65215000,EQIX
2017-09-30,USD,569901000,1152261000,582360000,582360000,224863000,342955000,None,345038000,2291000,-121828000,None,121828000,-22156000,-1076000,229518000,48893000,82094000,2194000,143984000,82094000,107274000,203922000,252815000,79900000,EQIX
2017-06-30,USD,544218000,1066421000,522203000,522203000,184895000,332921000,None,359323000,4437000,-119042000,None,119042000,-16444000,1284000,204628000,50158000,55130000,9325000,135486000,55130000,117220000,174172000,224330000,45805000,EQIX
2017-03-31,USD,480564000,949525000,468961000,468961000,167213000,310326000,None,349078000,3092000,-111684000,None,111684000,-3503000,337000,187989000,29017000,55455000,13393000,115187000,55455000,108468000,167139000,196156000,42062000,EQIX
2016-12-31,USD,476726000,942647000,465921000,465921000,184455000,292340000,None,330153000,948000,-98761000,None,98761000,31039000,-1707000,180319000,29478000,81244000,19494000,100538000,63664000,-173623000,180005000,209483000,61750000,EQIX
2016-09-30,USD,454374000,924676000,470302000,470302000,169941000,292175000,None,284433000,762000,-92200000,None,92200000,-9894000,2938000,181896000,32929000,74228000,22778000,102094000,48769000,-18533000,166428000,199357000,51450000,EQIX
2016-06-30,USD,443543000,900510000,456967000,456967000,151655000,276294000,None,291888000,841000,-100332000,None,100332000,-605000,1555000,179748000,32303000,58523000,13812000,100937000,39302000,-182521000,158855000,191158000,44711000,EQIX
2016-03-31,USD,416476000,844156000,427680000,427680000,112688000,272494000,None,333825000,925000,-100863000,None,100863000,5242000,-60710000,172382000,28152000,-41744000,-10633000,100863000,-37327000,61394000,59119000,87271000,-31111000,EQIX
2015-12-31,USD,378494000,730462000,351968000,351968000,135877000,225268000,None,255273000,1206000,-79499000,None,79499000,-289000,-48617000,136065000,8100000,8678000,-2053000,79788000,10731000,-10317000,88177000,96277000,10731000,EQIX
2015-09-30,USD,361181000,686649000,325468000,325468000,140883000,206946000,None,220298000,934000,-76269000,None,76269000,0,-12836000,125802000,6601000,52712000,11580000,76269000,41132000,-23707000,128981000,135582000,41132000,EQIX
2015-06-30,USD,349825000,665582000,315757000,315757000,139133000,200826000,None,210692000,921000,-74496000,None,74496000,0,1386000,120926000,6450000,66944000,7485000,74496000,59459000,104323000,141440000,147890000,59459000,EQIX
2015-03-31,USD,344861000,643174000,298313000,298313000,151449000,192256000,None,201572000,520000,-68791000,None,68791000,0,-514000,115341000,6295000,82664000,6212000,68791000,76452000,-59141000,151455000,157750000,76452000,EQIX
2014-12-31,USD,324672000,638121000,313449000,313449000,127826000,194920000,None,207854000,357000,-71103000,None,71103000,-105807000,-3051000,125161000,6803000,-51778000,303325000,176910000,324672000,-450067000,19325000,26128000,-355103000,EQIX
2014-09-30,USD,316389000,620441000,304052000,304052000,135131000,181539000,None,181258000,356000,-63756000,None,63756000,0,1811000,113178000,6974000,73422000,30581000,63756000,42961000,-97814000,137178000,144152000,42841000,EQIX
2014-06-30,USD,312302000,605161000,292859000,292859000,124697000,186929000,None,305662000,744000,-66874000,None,66874000,-51183000,681000,108573000,7074000,9314000,-2014000,118057000,10079000,33640000,76188000,83262000,11328000,EQIX
2014-03-31,USD,292528000,580053000,287525000,287525000,121612000,170731000,None,247696000,1434000,-68820000,None,68820000,0,678000,107023000,6905000,54954000,13567000,68820000,41337000,55329000,123774000,130679000,41387000,EQIX
2013-12-31,USD,294934000,564677000,269743000,269743000,124989000,165716000,None,257683000,794000,-65503000,None,65503000,-14899000,1959000,99793000,6582000,47154000,1967000,80402000,294934000,53151000,112657000,119239000,45187000,EQIX
2013-09-30,USD,274124000,543084000,268960000,273012000,115193000,158493000,None,220888000,929000,-61957000,None,61957000,0,985000,103014000,6822000,54868000,12397000,61957000,42753000,120822000,116825000,123647000,42471000,EQIX
2013-06-30,USD,261762000,528871000,267109000,267693000,115963000,148110000,None,305239000,917000,-61001000,None,61001000,-93602000,2768000,102256000,6864000,-35484000,-9668000,154603000,-28129000,-51631000,25517000,32381000,-25816000,EQIX
2013-03-31,USD,257543000,516134000,258591000,259268000,104787000,147961000,None,217073000,747000,-60331000,None,60331000,2453000,-459000,100381000,6759000,44303000,11460000,60331000,36323000,-40382000,104634000,111393000,32843000,EQIX
2012-12-31,USD,256730000,506059000,249329000,250121000,102704000,142557000,None,782064000,758000,-50516000,None,50516000,0,-717000,96574000,6907000,62814000,17476000,50516000,33480000,57938000,113330000,120237000,45338000,EQIX
2012-09-30,USD,233889000,484835000,250946000,251487000,92846000,136832000,None,913000,1054000,-50207000,None,50207000,-5204000,507000,99815000,6863000,39313000,12348000,50207000,26286000,69100000,89520000,96383000,26965000,EQIX
2012-06-30,USD,229926000,457249000,225289000,233192000,102096000,128487000,None,182015000,963000,-46787000,None,46787000,None,-1844000,90740000,4822000,52745000,17138000,46787000,35257000,-9803000,99532000,104354000,35607000,EQIX
2012-03-31,USD,222214000,443245000,217098000,225079000,100746000,124996000,None,185451000,691000,-52818000,None,52818000,None,-154000,87875000,4929000,45971000,13853000,52818000,31919000,65449000,98789000,103718000,32118000,EQIX
2011-12-31,USD,200845000,417957000,216444000,229340000,82946000,116996000,None,640905000,754000,-55151000,None,55151000,None,1383000,88514000,4857000,31067000,13257000,55151000,15903000,-4700000,86218000,91075000,17810000,EQIX
2011-09-30,USD,188484000,408208000,219724000,228153000,77441000,109046000,None,289000,679000,-51114000,None,51114000,None,-1694000,85703000,4962000,25456000,5137000,51114000,20175000,-58418000,76570000,81532000,20319000,EQIX
2011-06-30,USD,179264000,394900000,215572000,215572000,74866000,102744000,None,142139000,632000,-37677000,None,37677000,None,1021000,80331000,9751000,38839000,8109000,37677000,30733000,50407000,76516000,86267000,30730000,EQIX
2011-03-31,USD,167340000,363029000,194576000,194576000,71305000,96237000,None,139986000,215000,-37361000,None,37361000,None,2111000,74062000,4273000,36270000,11125000,37361000,25145000,75807000,73631000,77904000,25145000,EQIX
2010-12-31,USD,150076000,321124000,171048000,193559000,53369000,96338000,None,142341000,208000,-38822000,None,38822000,None,499000,71185000,4254000,10566000,-3194000,38822000,13092000,5063000,49388000,53642000,13760000,EQIX
2010-09-30,USD,144871000,330347000,185476000,185476000,52026000,89845000,None,131002000,310000,-38363000,None,38363000,None,1654000,68941000,4357000,15833000,4637000,38363000,11196000,72485000,54196000,58553000,11196000,EQIX
2010-06-30,USD,133512000,296094000,162582000,162582000,40227000,83079000,None,130900000,491000,-37615000,None,37615000,None,-1481000,59117000,63626000,168000,2442000,37615000,-2274000,-34386000,37783000,114550000,-2274000,EQIX
2010-03-31,USD,115599000,248649000,133050000,133050000,47982000,43155000,None,62623000,None,None,None,25675000,None,20000,47301000,49322000,22876000,8677000,None,None,None,48551000,102804000,14199000,EQIX
2009-12-31,USD,115478000,242552000,127074000,127074000,50786000,43647000,None,60916000,None,None,None,22613000,None,-1288000,41017000,42472000,27417000,9695000,None,None,None,50030000,97469000,17722000,EQIX
2009-09-30,USD,101551000,227558000,126007000,126007000,45558000,39071000,None,54614000,None,None,None,22256000,None,2484000,43037000,45066000,26139000,7327000,None,None,None,48395000,92356000,18812000,EQIX
2009-06-30,USD,94634000,213168000,118534000,118534000,41029000,37456000,None,53825000,None,None,None,15912000,None,2610000,None,44891000,28407000,10967000,None,None,None,44319000,41489000,17440000,EQIX
