fiscalDateEnding,reportedCurrency,grossProfit,totalRevenue,costOfRevenue,costofGoodsAndServicesSold,operatingIncome,sellingGeneralAndAdministrative,researchAndDevelopment,operatingExpenses,investmentIncomeNet,netInterestIncome,interestIncome,interestExpense,nonInterestIncome,otherNonOperatingIncome,depreciation,depreciationAndAmortization,incomeBeforeTax,incomeTaxExpense,interestAndDebtExpense,netIncomeFromContinuingOperations,comprehensiveIncomeNetOfTax,ebit,ebitda,netIncome,Symbol
2023-12-31,USD,991000000,4561100000,3570100000,2561600000,-2143400000,922500000,228700000,3134400000,56900000,-104900000,282200000,104900000,4666000000,None,None,94500000,1143800000,265400000,104900000,878400000,1601000000,1248700000,1343200000,878400000,ADP
2023-09-30,USD,936000000,4418900000,3482900000,2515400000,-2087300000,880300000,236500000,3023300000,46500000,-91600000,248200000,91600000,4510500000,None,None,95700000,1092800000,233400000,91600000,859400000,697400000,1184400000,1280100000,859400000,ADP
2023-06-30,USD,936100000,4638100000,3702000000,2485300000,-2169800000,957200000,222300000,3105900000,66700000,-106900000,302400000,106900000,4477000000,77200000,None,270800000,1005600000,228900000,106900000,776700000,598700000,1112500000,1383300000,776700000,ADP
2023-03-31,USD,1247500000,4888600000,3641100000,2623800000,-1990300000,938000000,208600000,3237800000,24100000,-38300000,273500000,38300000,4926900000,36300000,None,92400000,1364000000,320900000,38300000,1043100000,1366200000,1402300000,1494700000,1043100000,ADP
2022-12-31,USD,935500000,4322500000,3387000000,2450700000,-2054700000,855700000,204200000,2990200000,28900000,-57000000,216100000,57000000,4379500000,30500000,None,93700000,1058100000,245000000,57000000,813100000,1086300000,1115100000,1208800000,813100000,ADP
2022-09-30,USD,888000000,4162900000,3274900000,2393600000,-1986700000,800300000,209800000,2874700000,29700000,-51200000,170700000,51200000,4214100000,39500000,None,92300000,1010000000,231000000,51200000,779000000,48600000,1061200000,1153500000,779000000,ADP
2022-06-30,USD,614100000,4182800000,3568700000,2385900000,-2368700000,914200000,212800000,2982800000,17200000,-26600000,143900000,26600000,4123100000,None,None,258400000,803400000,177900000,26600000,625500000,-105900000,830000000,1088400000,625500000,ADP
2022-03-31,USD,1092000000,4494300000,3402300000,2512200000,-1931800000,817500000,None,3023800000,5600000,-18400000,123600000,18400000,4512700000,25000000,None,86100000,1189900000,261400000,18400000,928500000,-5400000,1208300000,1294400000,928500000,ADP
2021-12-31,USD,817300000,4007400000,3190100000,2341200000,-2005700000,782300000,None,2823000000,8500000,-18400000,8500000,18400000,4025800000,None,None,84300000,910100000,215700000,18400000,694400000,488900000,928500000,1012800000,694400000,ADP
2021-09-30,USD,804900000,3815200000,3010300000,2222600000,-1843800000,719200000,None,2648700000,9700000,-18500000,9700000,18500000,3832400000,28800000,None,86200000,900800000,200300000,18500000,700500000,567000000,919300000,1005500000,700500000,ADP
2021-06-30,USD,463300000,3768400000,3305100000,2205500000,-2283900000,840700000,None,2747200000,7600000,-17300000,7500000,17300000,3740700000,23600000,None,264800000,697100000,158900000,17300000,538200000,806500000,714400000,979200000,538200000,ADP
2021-03-31,USD,978900000,4088100000,3109200000,2278100000,-1782000000,763000000,None,2760900000,4700000,-13500000,4700000,13500000,4101600000,18800000,None,81000000,1066200000,255500000,13500000,810700000,512700000,1079700000,1160700000,810700000,ADP
2020-12-31,USD,732100000,3681800000,2949700000,2122400000,-1869900000,755800000,None,2602000000,10400000,-13900000,10400000,13900000,3695700000,29000000,None,80800000,832600000,185100000,13900000,647500000,671900000,846500000,927300000,647500000,ADP
2020-09-30,USD,681800000,3470700000,2788900000,2034300000,-1761100000,681000000,None,2442900000,13800000,-15100000,13800000,15100000,3470700000,24900000,None,84200000,765200000,163100000,15100000,602100000,632800000,780300000,864500000,602100000,ADP
2020-06-30,USD,1309600000,3376800000,2067200000,2067200000,1309600000,765600000,None,2568000000,14400000,-15600000,14500000,15600000,3376800000,2800000,None,269000000,531200000,119700000,15600000,531300000,631200000,546800000,815800000,411500000,ADP
2020-03-31,USD,1808700000,4047800000,2239100000,2239100000,-1720500000,756600000,None,2730700000,12100000,-20000000,12100000,20000000,4047800000,44600000,None,71900000,1076700000,255800000,20000000,820900000,817700000,1096700000,1168600000,820900000,ADP
2019-12-31,USD,1575400000,3669500000,2094100000,2094100000,-1825900000,754300000,None,2590300000,25700000,-31600000,25700000,31600000,3669500000,46000000,None,69700000,835500000,183900000,31600000,651600000,654300000,867100000,936800000,651600000,ADP
2019-09-30,USD,1450900000,3495700000,2044800000,2044800000,-1839200000,726500000,None,2512300000,32300000,-39900000,32300000,39900000,3495700000,54600000,None,69400000,739100000,156700000,39900000,582400000,605800000,779000000,848400000,582400000,ADP
2019-06-30,USD,1478200000,3479300000,2001100000,2001100000,1478200000,854800000,None,2634400000,26000000,-33700000,26000000,33700000,3498700000,43600000,None,243000000,633400000,157900000,33700000,633300000,630000000,667100000,910100000,475500000,ADP
2019-03-31,USD,1735600000,3828200000,2092600000,2092600000,-1696800000,750400000,None,2624900000,15000000,-21700000,15000000,21700000,3847400000,21000000,None,57100000,984500000,230800000,21700000,753700000,956800000,1006200000,1063300000,753700000,ADP
2018-12-31,USD,1492200000,3492400000,2000200000,2000200000,-1835400000,745200000,156100000,2527000000,28100000,-38600000,None,38600000,3505900000,32600000,None,55400000,741000000,182800000,38600000,558200000,683300000,779600000,835000000,558200000,ADP
2018-09-30,USD,1382700000,3310300000,1927600000,1927600000,-1825400000,713900000,158000000,2423800000,28500000,-35900000,None,35900000,3323200000,13900000,None,53400000,646800000,141400000,35900000,505400000,445100000,682700000,736100000,505400000,ADP
2018-06-30,USD,1373800000,3316200000,1942400000,1942400000,1366400000,810400000,152600000,2563300000,24100000,-28600000,None,28600000,-10011500000,-296500000,None,227200000,254900000,114000000,28600000,204500000,89800000,283500000,510700000,140900000,ADP
2018-03-31,USD,1616700000,3696000000,2079300000,2079300000,-1804400000,750100000,162500000,2599800000,11000000,-18600000,None,18600000,3696000000,10700000,None,52000000,875200000,214200000,18600000,643100000,502800000,893800000,945800000,661000000,ADP
2017-12-31,USD,1300400000,3238300000,1937900000,1937900000,-1920100000,723600000,159400000,2436500000,22700000,-27500000,None,27500000,3238300000,21700000,None,51800000,587500000,-82900000,27500000,467500000,580500000,615000000,666800000,670400000,ADP
2017-09-30,USD,1225700000,3077200000,1851500000,1851500000,-1808600000,675400000,158200000,2309300000,25800000,-28000000,None,28000000,3077200000,26200000,None,46600000,564900000,152300000,28000000,401500000,457500000,592900000,639500000,412600000,ADP
2017-06-30,USD,1217600000,3064800000,1847200000,1822100000,1174100000,820200000,166900000,43500000,22200000,-22800000,None,22800000,None,23400000,None,190300000,419800000,154000000,22800000,265800000,450200000,442600000,632900000,265800000,ADP
2017-03-31,USD,1499800000,3410800000,1911000000,1911000000,-1572700000,665000000,153200000,2366500000,10100000,-16800000,None,16800000,None,9900000,None,40400000,827900000,240000000,16800000,587900000,641400000,844700000,885100000,587900000,ADP
2016-12-31,USD,1219500000,2987300000,1767800000,1767800000,-1666500000,640800000,152500000,2201200000,21300000,-20500000,None,20500000,None,228000000,None,42800000,786200000,275300000,20500000,510900000,190600000,806700000,849500000,510900000,ADP
2016-09-30,USD,1173300000,2916900000,1743600000,1743600000,-1736100000,647700000,154900000,2179200000,22900000,-19900000,None,19900000,None,23000000,None,42600000,528700000,160000000,19900000,368700000,337400000,548600000,591200000,368700000,ADP
2016-06-30,USD,1199700000,2898200000,1698500000,1698600000,1151500000,770300000,150700000,48200000,16800000,-18100000,None,18100000,None,15700000,None,175300000,427000000,145000000,18100000,282000000,226900000,445100000,620400000,282000000,ADP
2016-03-31,USD,1435900000,3248600000,1812700000,1812700000,-1484100000,634400000,147300000,2246000000,9700000,-16300000,None,16300000,None,9600000,None,39600000,794800000,262300000,16300000,532500000,751600000,811100000,850700000,532500000,ADP
2015-12-31,USD,1124500000,2807000000,1682500000,1682500000,-1647300000,627200000,149600000,2106600000,17300000,-16800000,None,16800000,None,27400000,None,38000000,507900000,166500000,16800000,341400000,209700000,524700000,562700000,341400000,ADP
2015-09-30,USD,1067500000,2714000000,1646500000,1646500000,-1618600000,605300000,156100000,2045100000,18600000,-4900000,None,4900000,None,47700000,None,35700000,504100000,167500000,4900000,337500000,349800000,509000000,544700000,336600000,ADP
2015-06-30,USD,1092700000,2694500000,1601800000,1590700000,1092700000,725200000,149100000,2111800000,13000000,-1600000,None,1600000,None,15600000,None,163600000,460800000,124600000,1600000,257000000,212600000,462400000,626000000,336200000,ADP
2015-03-31,USD,1340000000,3024300000,1684300000,1688000000,-1395900000,607200000,152900000,2092900000,7200000,-800000,None,800000,None,7900000,None,38500000,739200000,249600000,800000,492000000,467300000,740000000,778500000,489600000,ADP
2014-12-31,USD,1070300000,2653600000,1583300000,1587000000,-1530300000,588500000,147800000,1976200000,18300000,-2200000,None,2200000,None,0,None,38200000,497800000,166300000,2200000,334000000,290900000,500000000,538200000,331500000,ADP
2014-09-30,USD,1007800000,2566100000,1558300000,1561900000,-1745500000,576000000,145600000,2141800000,18300000,-1900000,None,1900000,None,0,None,37600000,449000000,153800000,1900000,298000000,131100000,450900000,488500000,295200000,ADP
2014-06-30,USD,1020700000,2566600000,1545900000,1845600000,1228100000,668400000,140600000,2638200000,13800000,-1400000,None,1400000,None,-200000,None,209200000,411200000,122500000,1400000,288700000,426000000,412600000,621800000,288700000,ADP
2014-03-31,USD,1235600000,2817800000,1582200000,1884400000,-1838400000,585300000,139600000,2558500000,6700000,-900000,None,900000,None,100000,None,42300000,749200000,227600000,900000,510400000,551900000,750100000,792400000,521600000,ADP
2013-12-31,USD,1011500000,2486600000,1475100000,1772400000,-1958400000,578800000,138500000,2450000000,16700000,-2000000,None,2000000,None,0,None,43200000,524800000,147800000,2000000,377000000,317200000,526800000,570000000,377000000,ADP
2013-09-30,USD,917800000,2355400000,1437600000,1724400000,-1929800000,537700000,132500000,1980400000,19000000,-1900000,None,1900000,None,100000,None,41500000,467300000,138700000,1900000,328600000,383700000,469200000,510700000,328600000,ADP
2013-06-30,USD,1112900000,2802800000,1689900000,1692800000,1117700000,312400000,174000000,2463800000,13200000,-1800000,None,1800000,None,-200000,None,191400000,233900000,6900000,1800000,227000000,33100000,235700000,427100000,227000000,ADP
2013-03-31,USD,1366100000,3109300000,1743200000,1745900000,-1729700000,653600000,164100000,2398000000,6000000,-1200000,None,1200000,None,0,None,42200000,724400000,241700000,1200000,482700000,377800000,725600000,767800000,482700000,ADP
2012-12-31,USD,1121200000,2742800000,1621600000,1624300000,-1794600000,624700000,159900000,2252000000,21500000,-3000000,None,3000000,None,0,None,41400000,567700000,176800000,3000000,352000000,355700000,570700000,612100000,390900000,ADP
2012-09-30,USD,1049000000,2632700000,1583700000,1586500000,-1803400000,611400000,156300000,2201000000,23800000,-3100000,None,3100000,None,800000,None,42000000,468400000,163100000,3100000,302500000,424500000,471500000,513500000,305300000,ADP
2012-06-30,USD,1041600000,2623600000,1582000000,1589300000,1047300000,671200000,153900000,2245100000,19900000,-2300000,None,2300000,0,1300000,None,193000000,394300000,135900000,2300000,258400000,128900000,396600000,589600000,258400000,ADP
2012-03-31,USD,1292700000,2910900000,1618200000,1624700000,-1617800000,619900000,143600000,2239300000,8500000,-1200000,None,1200000,0,600000,None,43900000,684300000,231900000,1200000,452400000,472600000,685500000,729400000,452400000,ADP
2011-12-31,USD,1057000000,2570700000,1513700000,1519900000,-1657100000,574900000,147300000,2090700000,27200000,-2100000,None,2100000,66000000,600000,None,43200000,578400000,203400000,2100000,375000000,308000000,580500000,623700000,375000000,ADP
2011-09-30,USD,1010500000,2510900000,1500400000,1506100000,-1713400000,586900000,147900000,2089400000,29600000,-2100000,None,2100000,None,600000,None,43200000,458000000,155300000,2100000,302700000,342100000,460100000,503300000,302700000,ADP
2011-06-30,USD,988400000,2507100000,1518700000,1518700000,988400000,651600000,144300000,2148900000,20000000,-1700000,None,1700000,None,1600000,None,187900000,353200000,111400000,1700000,241800000,410000000,354900000,542800000,241800000,ADP
2011-03-31,USD,1216700000,2737300000,1520600000,1520600000,-1504900000,577300000,155900000,2099300000,10000000,-1400000,None,1400000,None,600000,None,45000000,653000000,229200000,1400000,423800000,425200000,654400000,699400000,423800000,ADP
2010-12-31,USD,1025400000,2405700000,1380300000,1380300000,-1543100000,570100000,142100000,1953200000,27900000,-2800000,None,2800000,None,600000,None,45200000,484600000,174500000,2800000,310100000,125100000,487400000,532600000,310100000,ADP
2010-09-30,USD,917500000,2229400000,1311900000,1311900000,-1477000000,515600000,134900000,1830200000,30700000,-2700000,None,2700000,None,1500000,None,40100000,436400000,157900000,2700000,278500000,451500000,439100000,479200000,278500000,ADP
2010-06-30,USD,908100000,2190300000,1282200000,1282200000,908100000,611900000,137700000,1896000000,-177000000,-1800000,None,1800000,None,600000,None,193500000,305800000,97900000,1800000,207600000,207600000,307600000,501100000,207900000,ADP
2010-03-31,USD,1112500000,2443200000,1330700000,1330700000,1112500000,504900000,130000000,1836800000,10600000,-1200000,None,1200000,None,600000,None,39600000,635000000,231400000,1200000,401600000,359200000,636200000,675800000,403600000,ADP
2009-12-31,USD,970800000,2198000000,1227200000,1227200000,-1300900000,518900000,120500000,1748600000,31200000,-2500000,None,2500000,None,1000000,None,77400000,479800000,164000000,2500000,315800000,287000000,482300000,559700000,315800000,ADP
2009-09-30,USD,906600000,2096100000,1189500000,1189500000,-1355300000,491500000,125700000,1684200000,36300000,-3200000,None,3200000,None,500000,None,77600000,446800000,162700000,3200000,284100000,468000000,450000000,527600000,284100000,ADP
2008-09-30,USD,941600000,2173100000,1231500000,1231500000,418100000,526700000,130400000,1782600000,None,None,None,19200000,None,None,None,77300000,441300000,163300000,None,None,None,421700000,513300000,276900000,ADP
2024-02-03,USD,1473941000,2435563000,1785884000,1038763000,585964000,290078000,391427000,887977000,9169000,-77141000,9169000,77141000,2512704000,-4574000,84348000,440903000,513418000,50691000,77141000,462727000,469744000,590559000,1031462000,462727000,ADI
2023-10-28,USD,1646716000,2657794000,1967538000,1069768000,634415000,288936000,406594000,1012301000,9089000,-71590000,9089000,71590000,2716484000,-128000,82919000,494799000,571786000,73356000,71590000,498430000,480982000,643376000,1138175000,498430000,ADI
2023-07-29,USD,1961615000,3007149000,1472532000,1114880000,929493000,334113000,423751000,1032122000,8794000,-69346000,8794000,69346000,3076495000,5880000,86204000,501488000,874821000,-2198000,69346000,877019000,878528000,944167000,1445655000,877019000,ADI
2023-04-29,USD,2144546000,3199678000,1465771000,1118384000,1128384000,324251000,415754000,1016162000,12575000,-63252000,12575000,63252000,3262930000,10216000,80260000,501536000,1087923000,110267000,63252000,977656000,975027000,1151175000,1652711000,977656000,ADI
2023-01-28,USD,2124341000,3189177000,1953750000,1125289000,1130820000,326284000,414095000,993521000,10829000,-60453000,10829000,60453000,3249630000,-7723000,85321000,502177000,1073473000,111999000,60453000,961474000,989892000,1133926000,1636103000,961474000,ADI
2022-10-29,USD,2142815000,3195657000,1973317000,1104901000,1102476000,336560000,421008000,1040339000,4328000,-47707000,4328000,47707000,3243364000,-11085000,70703000,501950000,1048012000,111786000,47707000,936226000,950708000,1095719000,1597669000,936226000,ADI
2022-07-30,USD,2043142000,3058691000,1531881000,1066738000,893306000,326942000,431829000,1149836000,1797000,-51189000,1797000,51189000,3109880000,4023000,75619000,503350000,847937000,98952000,51189000,748985000,743966000,899126000,1402476000,748985000,ADI
2022-04-30,USD,1944520000,2922516000,1379526000,1027544000,918161000,305308000,420901000,1026359000,563000,-49548000,563000,49548000,2972064000,10069000,71851000,504255000,879245000,95972000,49548000,783273000,764276000,928793000,1433048000,783273000,ADI
2022-01-29,USD,1401997000,2632329000,2144034000,1282296000,364757000,297365000,426780000,1037240000,218000,-51964000,218000,51964000,2684293000,10544000,65165000,504645000,323555000,43478000,51964000,280077000,278024000,375519000,880164000,280077000,ADI
2021-10-30,USD,1121820000,2069797000,3060981000,1217748000,99005000,317455000,399121000,1022815000,421000,-54621000,421000,54621000,2124418000,14178000,72338000,406625000,-156167000,-231854000,269771000,75687000,114065000,-101546000,305079000,75687000,ADI
2021-07-31,USD,1221184000,1758853000,537669000,537669000,609646000,206076000,306617000,611538000,300000,-44659000,300000,44659000,1758853000,6991000,50162000,145989000,572278000,68967000,44659000,503311000,461283000,616937000,762926000,503311000,ADI
2021-05-01,USD,1136637000,1661407000,524770000,524770000,519690000,206612000,302238000,616947000,290000,-43066000,290000,43066000,1661407000,-929000,52466000,145701000,475985000,53080000,43066000,422905000,458491000,519051000,664752000,422905000,ADI
2021-01-30,USD,1045371000,1558458000,513087000,513087000,463860000,185275000,288150000,581511000,209000,-42479000,209000,42479000,1558458000,15028000,56309000,145044000,436618000,48099000,42479000,388519000,419479000,479097000,624141000,388519000,ADI
2020-10-31,USD,1023084000,1477702000,1792619000,503211000,461672000,165115000,280239000,561412000,527000,-48593000,527000,48593000,1526295000,3704000,57053000,145163000,417310000,30784000,48593000,386526000,409994000,465903000,611066000,386526000,ADI
2020-08-01,USD,972578000,1456136000,483558000,483558000,419124000,153753000,260794000,553454000,504000,-45914000,504000,45914000,1456136000,-685000,57598000,143865000,373029000,10364000,45914000,362665000,366738000,418943000,562808000,362665000,ADI
2020-05-02,USD,846674000,1317060000,470386000,470386000,344020000,141775000,252413000,502654000,1334000,-49985000,1334000,49985000,1317060000,-308000,59261000,144051000,295061000,27365000,49985000,267696000,192841000,345046000,489097000,267696000,ADI
2020-02-01,USD,848142000,1303565000,455423000,455423000,273428000,199280000,257073000,574714000,1940000,-48813000,1940000,48813000,1303565000,-338000,59863000,144069000,226217000,22343000,48813000,203874000,191905000,275030000,419099000,203874000,ADI
2019-11-02,USD,942191000,1392444000,1815355000,501028000,338361000,154799000,277018000,603830000,1988000,-50775000,1988000,50775000,1443219000,-1747000,61636000,143528000,287827000,10133000,50775000,277694000,243568000,338602000,482130000,277694000,ADI
2019-08-03,USD,997811000,1480143000,482332000,482332000,446726000,162825000,280102000,551085000,2625000,-59871000,2625000,59871000,1480143000,78000,61606000,142521000,389558000,27184000,59871000,362374000,304722000,449429000,591950000,362374000,ADI
2019-05-04,USD,1034092000,1526602000,492510000,492510000,469695000,163128000,285846000,564397000,2928000,-59701000,2928000,59701000,1526602000,-4525000,59142000,142233000,408397000,40460000,59701000,367937000,349937000,468098000,610331000,367937000,ADI
2019-02-02,USD,1039656000,1541101000,501445000,501445000,455826000,167342000,287382000,583830000,2688000,-58728000,None,58728000,1541101000,160000,58293000,142292000,399946000,44940000,58728000,355006000,335425000,458674000,600966000,355006000,ADI
2018-11-03,USD,1045543000,1596586000,551043000,490585000,465451000,175296000,295609000,580092000,2791000,-59102000,None,59102000,1536128000,196000,58874000,142316000,409336000,4481000,59102000,404855000,411881000,468438000,610754000,404855000,ADI
2018-08-04,USD,1060632000,1572679000,497631000,497557000,489215000,171388000,291551000,571417000,2588000,-61665000,None,61665000,1558189000,368000,56647000,143218000,430506000,21949000,61665000,414464000,396102000,492171000,635389000,408557000,ADI
2018-05-05,USD,1072464000,1513053000,491112000,491038000,502818000,172047000,289381000,569646000,1912000,-64792000,None,64792000,1563502000,187000,56589000,142954000,440125000,39797000,64792000,379831000,391674000,504917000,647871000,400328000,ADI
2018-02-03,USD,1071757000,1518624000,495187000,495113000,442105000,176809000,288506000,629652000,2092000,-68030000,None,68030000,1566870000,-820000,56415000,142050000,375347000,82107000,68030000,268172000,310242000,443377000,585427000,293240000,ADI
2017-10-28,USD,1006025000,1541170000,535145000,535145000,448210000,185721000,273746000,557815000,2388000,-63517000,None,63517000,0,-5417000,56298000,133393000,459784000,34014000,63517000,347650000,423153000,523301000,656694000,425770000,ADI
2017-07-29,USD,766624000,1433902000,667278000,667278000,194821000,183980000,275670000,571803000,5524000,-73073000,None,73073000,0,-474000,55217000,147200000,126798000,57882000,73073000,68916000,76880000,199871000,347071000,68916000,ADI
2017-04-29,USD,640443000,1147982000,507539000,507539000,145835000,190686000,235232000,494608000,12421000,-71636000,None,71636000,0,94000,48772000,88800000,86714000,-6850000,71636000,93564000,103151000,158350000,247150000,93564000,ADI
2017-01-28,USD,648504000,984449000,335945000,335945000,266268000,130659000,183954000,382236000,10000000,-42614000,None,42614000,0,-345000,34379000,19947000,233309000,16180000,42614000,217129000,214650000,275923000,295870000,217129000,ADI
2016-10-29,USD,666687000,1056906000,455817000,336936000,356981000,118881000,172926000,309706000,7114000,-38764000,None,38764000,-10000,-1897000,34116000,19550000,323434000,27277000,38764000,296157000,271899000,362198000,381748000,296157000,ADI
2016-07-30,USD,572290000,851115000,447410000,297301000,268707000,122909000,163227000,303583000,5665000,-18476000,None,18476000,0,504000,33732000,18900000,256400000,25970000,18476000,230430000,224599000,274876000,293776000,230430000,ADI
2016-04-30,USD,510903000,760311000,412133000,267863000,207379000,112186000,160235000,303524000,5243000,-18455000,None,18455000,0,743000,33483000,18400000,194910000,24337000,18455000,170573000,186655000,213365000,231765000,170573000,ADI
2016-01-30,USD,477293000,753077000,417945000,292136000,195045000,107462000,157428000,282248000,3199000,-13062000,None,13062000,-3290000,-3005000,33209000,18347000,182177000,17673000,16352000,164504000,155548000,195239000,213586000,164504000,ADI
2015-10-31,USD,641796000,971983000,458326000,336926000,108630000,121400000,170736000,533166000,2343000,-6739000,None,6739000,0,443000,32688000,18293000,104677000,8372000,6739000,96305000,218215000,111416000,129709000,96305000,ADI
2015-08-01,USD,569037000,856610000,414358000,294328000,265269000,120030000,160784000,303768000,2229000,-6755000,None,6755000,0,-1265000,33650000,23900000,259478000,43000000,6755000,216478000,214572000,266233000,290133000,216478000,ADI
2015-05-02,USD,544822000,814139000,393568000,276197000,249008000,117371000,154233000,295814000,2009000,-6880000,None,6880000,0,1052000,32036000,25200000,245189000,39851000,6880000,205338000,226904000,252069000,277269000,205338000,ADI
2015-01-31,USD,503607000,765330000,413289000,268379000,207934000,120171000,151706000,295673000,2044000,-6656000,None,6656000,0,-2552000,31773000,24739000,200770000,22013000,6656000,178757000,154862000,207426000,232165000,178757000,ADI
2014-11-01,USD,486037000,801086000,484271000,328210000,149929000,121424000,154797000,336108000,2046000,-13161000,None,13161000,None,-116000,30917000,26186000,138698000,30003000,13161000,108695000,108695000,151859000,178045000,108695000,ADI
2014-08-02,USD,476290000,719574000,384451000,251462000,202546000,132989000,140095000,273744000,3442000,-8178000,None,8178000,None,-422000,28353000,1600000,197388000,16782000,8178000,180606000,179801000,205566000,207166000,180606000,ADI
2014-05-03,USD,458743000,687662000,337878000,235793000,220400000,102085000,136203000,238343000,3401000,-6874000,None,6874000,None,441000,27459000,55000,217368000,29935000,6874000,187433000,193922000,224242000,224297000,187433000,ADI
2014-02-01,USD,409118000,621667000,319983000,219120000,179609000,98178000,128591000,229509000,3284000,-6571000,None,6571000,None,-431000,27335000,55000,175891000,23305000,6571000,152586000,150195000,182462000,182517000,152586000,ADI
2013-11-02,USD,444870000,671474000,347237000,233263000,199862000,98197000,130979000,245008000,3351000,-6659000,None,6659000,None,85958000,27515000,55000,282512000,80958000,6659000,201554000,201554000,289171000,289226000,201554000,ADI
2013-08-03,USD,435062000,666500000,336883000,239110000,208342000,97773000,128892000,226720000,3125000,-7672000,None,7672000,None,-8754000,27448000,100000,195041000,18802000,7672000,176239000,179362000,202713000,202813000,176239000,ADI
2013-05-04,USD,422195000,652893000,339758000,237055000,191382000,102703000,128055000,230813000,3044000,-6357000,None,6357000,None,-408000,27478000,100000,187661000,23189000,6357000,164472000,161135000,194018000,194118000,164472000,ADI
2013-02-02,USD,390284000,615720000,343481000,231850000,153489000,97560000,125109000,236795000,3233000,-6414000,None,6414000,None,-199000,27755000,55000,150109000,18887000,6414000,131222000,131921000,156523000,156578000,131222000,ADI
2012-11-03,USD,443282000,688573000,349291000,251682000,215279000,97609000,130394000,228003000,3627000,-6391000,None,6391000,None,9000,27484000,54000,212524000,33337000,6391000,179187000,179187000,218915000,218969000,179187000,ADI
2012-08-04,USD,447874000,676567000,340861000,235152000,212471000,99873000,129694000,235403000,3506000,-6459000,None,6459000,None,-49000,27107000,56000,209469000,39701000,6459000,169768000,168235000,215928000,215984000,169768000,ADI
2012-05-05,USD,440455000,668204000,334631000,234639000,212926000,99992000,127537000,227529000,3967000,-6890000,None,6890000,None,1451000,26871000,26889000,211454000,48555000,6890000,162899000,161096000,218344000,243782000,162899000,ADI
2012-02-04,USD,409390000,641376000,2600000,238668000,183372000,99045000,124378000,226018000,3348000,-6682000,None,6682000,None,48000,28243000,28243000,180086000,40704000,6682000,-5200000,134133000,186768000,217558000,139382000,ADI
2011-10-29,USD,460514000,710055000,356953000,255620000,235292000,99094000,123889000,225222000,2183000,-6079000,None,6079000,None,-396000,28781000,267000,231000000,47473000,6079000,183527000,183527000,237079000,237346000,183527000,ADI
2011-07-30,USD,509640000,751743000,350885000,248262000,278841000,102323000,128476000,230799000,2395000,-6159000,None,6159000,None,-206000,29133000,300000,274871000,54936000,6159000,219935000,215257000,281030000,281330000,219935000,ADI
2011-04-30,USD,534214000,786702000,362134000,256566000,298486000,105268000,130460000,235728000,2197000,-4078000,None,4078000,None,151000,29466000,300000,296756000,54930000,4078000,241826000,492440000,300834000,301134000,241826000,ADI
2011-01-29,USD,482173000,728504000,246331000,246331000,259406000,100000000,122745000,222767000,None,None,None,2830000,None,2244000,29493000,392000,258820000,43214000,None,215606000,None,261691000,291576000,222106000,ADI
2010-10-30,USD,516229000,767281000,356110000,253761000,285740000,102349000,128140000,230489000,2426000,-2709000,None,2709000,None,2600000,29307000,639000,288057000,63063000,2709000,224994000,224994000,290766000,291405000,224994000,ADI
2010-07-31,USD,480202000,717676000,342758000,240088000,251145000,102070000,126987000,229057000,3206000,-2614000,None,2614000,None,-416000,28582000,600000,251321000,51830000,2614000,199491000,395771000,253935000,254535000,199491000,ADI
2010-05-01,USD,434515000,665672000,331385000,233725000,214075000,97660000,122780000,220440000,2025000,-2568000,None,2568000,None,488000,28913000,1800000,214020000,46880000,2568000,167140000,167140000,216588000,218388000,167140000,ADI
2010-01-30,USD,368476000,600445000,341272000,234507000,149114000,88481000,114398000,219362000,2180000,-2538000,None,2538000,None,-489000,29281000,1801000,149126000,28667000,2538000,119600000,120459000,151664000,153465000,120459000,ADI
2009-10-31,USD,321854000,568874000,333102000,249746000,128372000,83356000,110126000,193482000,1740000,-2726000,None,2726000,None,-160000,29998000,2150000,127226000,21617000,2726000,105609000,105609000,128372000,132102000,105609000,ADI
2009-08-01,USD,266229000,490623000,307168000,225762000,78945000,79706000,107578000,187284000,2558000,-1368000,None,1368000,None,-108000,30300000,1700000,80027000,14567000,1368000,65460000,144279000,78945000,83095000,65460000,ADI
2023-12-31,USD,1435778000,2412524000,976746000,976746000,598450000,237244000,320418000,837328000,None,-74202000,None,74202000,2486726000,32154000,None,59366000,691270000,108736000,74202000,582534000,599708000,765472000,824838000,582534000,KLAC
2023-09-30,USD,1365861000,2312752000,946891000,946891000,751098000,239645000,311214000,614763000,None,-74234000,None,74234000,2386986000,26739000,None,63304000,851711000,110336000,74234000,741375000,728278000,925945000,989249000,741375000,KLAC
2023-06-30,USD,1264001000,2226950000,962949000,962949000,623278000,250857000,317110000,640723000,None,-73491000,None,73491000,2319477000,24776000,None,64656000,775506000,90852000,73491000,684654000,683604000,848997000,913653000,684654000,KLAC
2023-03-31,USD,1358739000,2364085000,1005346000,1005346000,707837000,238393000,328276000,650902000,None,-74774000,None,74774000,2432608000,14864000,None,65133000,800683000,102846000,74774000,697837000,711648000,875457000,940590000,697837000,KLAC
2022-12-31,USD,1711863000,2920649000,1208786000,1208786000,1069736000,243096000,332826000,642127000,None,-74280000,None,74280000,2983887000,18074000,None,65605000,1142973000,164178000,74280000,978795000,988534000,1217253000,1282858000,978795000,KLAC
2022-09-30,USD,1624178000,2665404000,1041226000,1041226000,961058000,253980000,318515000,633433000,None,-74395000,None,74395000,2739042000,47006000,None,65225000,1069954000,43963000,87681000,1026065000,994621000,1144349000,1209574000,1025991000,KLAC
2022-06-30,USD,1471642000,2450206000,978564000,978564000,873592000,236778000,296881000,598050000,None,-44197000,None,44197000,2497483000,19380000,None,64291000,949675000,144301000,44197000,805398000,849436000,993872000,1058163000,805374000,KLAC
2022-03-31,USD,1361092000,2253183000,892091000,892091000,801695000,216489000,285189000,559397000,None,-39978000,None,39978000,2288676000,-8644000,None,57719000,846197000,115625000,39978000,730660000,735518000,886175000,943894000,730572000,KLAC
2021-12-31,USD,1406880000,2315042000,908162000,908162000,874326000,213479000,265031000,532554000,None,-37852000,None,37852000,2352630000,-1201000,None,53544000,926832000,209388000,37852000,717517000,719009000,964684000,1018228000,717444000,KLAC
2021-09-30,USD,1216342000,2029966000,813624000,813624000,710884000,193261000,258153000,505458000,None,-38312000,None,38312000,2068199000,-14140000,None,53544000,766280000,-302137000,38312000,1068485000,1065930000,804592000,858136000,1068417000,KLAC
2021-06-30,USD,1153230000,1925471000,772241000,772241000,1153230000,192022000,241428000,487028000,None,-39970000,None,39970000,1925471000,29033000,None,52278000,708763000,75785000,39970000,1153230000,627894000,748733000,801011000,632978000,KLAC
2021-03-31,USD,1094144000,1803773000,709629000,709629000,578168000,183040000,238957000,477301000,None,-39092000,None,39092000,1803773000,7348000,None,52404000,640729000,73233000,39092000,567170000,569727000,679821000,732225000,567496000,KLAC
2020-12-31,USD,981137000,1650870000,669733000,669733000,475938000,181909000,229064000,466643000,None,-38880000,None,38880000,1650870000,-3882000,None,51070000,527670000,70419000,38880000,456983000,463993000,566550000,617620000,457251000,KLAC
2020-09-30,USD,918058000,1538620000,620562000,620562000,446468000,172631000,219038000,445669000,None,-39386000,None,39386000,1551527000,-3197000,None,50500000,484231000,63664000,39386000,420142000,420895000,523617000,574117000,420567000,KLAC
2020-06-30,USD,838049000,1459593000,621544000,621544000,838049000,167791000,217100000,477605000,None,-40221000,None,40221000,1459593000,-7868000,None,51314000,406007000,-5246000,40183000,838049000,419773000,446228000,497542000,411253000,KLAC
2020-03-31,USD,833806000,1423964000,590158000,590158000,55966000,185760000,215433000,716147000,None,-39231000,39231000,39231000,1401426000,1004000,None,54605000,115642000,37190000,61769000,78009000,56916000,154873000,209478000,78452000,KLAC
2019-12-31,USD,875835000,1509453000,633618000,633618000,365701000,192253000,220751000,472456000,None,-40472000,40472000,40472000,1509453000,2568000,None,56752000,425177000,44622000,40472000,380305000,385652000,465649000,522401000,380555000,KLAC
2019-09-30,USD,809173000,1413414000,604241000,604241000,300237000,188345000,210580000,456833000,None,-40350000,40350000,40350000,1400620000,1618000,None,57908000,371645000,25120000,40350000,346396000,347699000,411995000,469903000,346525000,KLAC
2019-06-30,USD,665650000,1258435000,592785000,592785000,665650000,190040000,206710000,455529000,None,-40517000,40467000,40517000,1258435000,None,None,58779000,231827000,13982000,40517000,665650000,213723000,272344000,331123000,217845000,KLAC
2019-03-31,USD,610366000,1097311000,486945000,486945000,188212000,182184000,184887000,392939000,None,-31187000,31224000,31187000,1097311000,9282000,None,25868000,221473000,28745000,31187000,192645000,194268000,252660000,278528000,192728000,KLAC
2018-12-31,USD,711638000,1119898000,408260000,408260000,405446000,112462000,165903000,279665000,None,-26538000,None,26538000,1119898000,9228000,None,1300000,415963000,46863000,26538000,369100000,354820000,442501000,443801000,369100000,KLAC
2018-09-30,USD,711873000,1093260000,381387000,381387000,413140000,114438000,153530000,269368000,None,-26362000,None,26362000,1090255000,None,None,1400000,427568000,31624000,26362000,395944000,404555000,453930000,455330000,395944000,KLAC
2018-06-30,USD,692438000,1070004000,377566000,377898000,692106000,116370000,151905000,269600000,None,-28309000,None,28309000,1070004000,11292000,None,1000000,406489000,57722000,28309000,692106000,349111000,434798000,435798000,348767000,KLAC
2018-03-31,USD,652938000,1021294000,368356000,368688000,356485000,113237000,153239000,268002000,None,-28119000,None,28119000,1021294000,8298000,None,1200000,365983000,59102000,28119000,306881000,305126000,394102000,395302000,306881000,KLAC
2017-12-31,USD,628820000,975822000,347002000,347334000,337625000,105265000,156700000,263491000,None,-27372000,None,27372000,975822000,8482000,None,1200000,347326000,481626000,27372000,-134319000,-136060000,374698000,375898000,-134300000,KLAC
2017-09-30,USD,616464000,969581000,353117000,353449000,329911000,107432000,146687000,255645000,None,-30576000,None,30576000,967290000,5041000,None,1200000,336152000,55216000,30576000,280936000,281478000,366728000,367928000,280936000,KLAC
2017-06-30,USD,590717000,937315000,346598000,347930000,590717000,104039000,136373000,242419000,None,-30648000,None,30648000,None,6682000,None,700000,325032000,68870000,30648000,590717000,253723000,355680000,356380000,256162000,KLAC
2017-03-31,USD,570535000,913809000,343274000,343274000,313141000,96252000,130170000,226922000,None,-30472000,None,30472000,None,5508000,None,500000,319149000,65587000,30472000,253562000,256834000,349621000,350121000,253562000,KLAC
2016-12-31,USD,558378000,876885000,318507000,318507000,302810000,93532000,130912000,224944000,None,-30624000,None,30624000,None,3535000,None,500000,306845000,68594000,30624000,238251000,232728000,337469000,337969000,238251000,KLAC
2016-09-30,USD,472837000,750673000,277836000,277836000,193084000,94388000,129233000,249021000,None,-30732000,None,30732000,None,3736000,None,1300000,222220000,44119000,30732000,178101000,180153000,252952000,254252000,178101000,KLAC
2016-06-30,USD,581603000,919171000,337568000,337568000,581603000,103797000,127454000,232868000,None,-30889000,None,30889000,None,9024000,None,1300000,328487000,56946000,30889000,581603000,265879000,359376000,360676000,271541000,KLAC
2016-03-31,USD,437834000,712433000,274599000,274599000,202518000,87407000,115589000,204421000,None,-30895000,None,30895000,None,5988000,None,1300000,209931000,34154000,30895000,175777000,183273000,240826000,242126000,175777000,KLAC
2015-12-31,USD,429265000,710245000,280980000,280980000,181230000,96532000,118272000,217496000,None,-30539000,None,30539000,None,1553000,None,1300000,185475000,33268000,30539000,152207000,147825000,216014000,217314000,152207000,KLAC
2015-09-30,USD,372400000,642644000,270244000,270244000,119464000,91663000,119943000,222372000,None,-30564000,None,30564000,None,4069000,None,3700000,134299000,29402000,30564000,104897000,99333000,164863000,168563000,104897000,KLAC
2015-06-30,USD,433065000,756332000,323267000,323267000,410665000,101739000,128839000,22400000,None,-30679000,None,30679000,129936000,-7339000,None,3700000,174938000,32919000,-101021000,410665000,139253000,205617000,209317000,142019000,KLAC
2015-03-31,USD,418177000,738459000,320282000,320282000,194986000,98608000,124583000,227191000,None,-30508000,None,30508000,0,1976000,None,4000000,166454000,34816000,30508000,131638000,129584000,196962000,200962000,131638000,KLAC
2014-12-31,USD,393144000,676357000,283213000,283213000,154714000,104873000,133557000,242430000,None,-31301000,None,31301000,-131700000,-129681000,None,4000000,-6268000,-26536000,163001000,20268000,20717000,25033000,29033000,20268000,KLAC
2014-09-30,USD,354434000,642901000,288467000,288467000,109153000,101644000,143637000,263567000,None,-13521000,None,13521000,0,3375000,None,4100000,99007000,26774000,13521000,72233000,66302000,112528000,116628000,72233000,KLAC
2014-06-30,USD,407678000,734343000,326665000,326665000,173014000,96216000,138448000,257077000,None,-13443000,None,13443000,None,None,None,4300000,166606000,37875000,13443000,173014000,129810000,180049000,184349000,128731000,KLAC
2014-03-31,USD,488773000,831599000,342826000,342826000,261163000,93449000,134161000,246606000,None,-13396000,None,13396000,None,3479000,None,3500000,251246000,47665000,13396000,203581000,202479000,264642000,268142000,203581000,KLAC
2013-12-31,USD,419315000,705129000,285814000,285814000,187982000,96746000,134587000,250844000,None,-13311000,None,13311000,None,2074000,None,3900000,176745000,37499000,13311000,139246000,140889000,190056000,193956000,139246000,KLAC
2013-09-30,USD,380680000,658337000,277657000,277657000,149911000,98496000,132273000,270250000,None,-13662000,None,13662000,None,3615000,None,4500000,139864000,28667000,13662000,111197000,115952000,153526000,158026000,111197000,KLAC
2013-06-30,USD,413228000,720032000,306804000,306804000,187635000,97899000,127694000,270305000,None,-13773000,None,13773000,-1002000,None,None,4500000,177090000,42320000,13773000,187635000,122951000,190863000,195363000,134770000,KLAC
2013-03-31,USD,419521000,729029000,309508000,309508000,202246000,98487000,118788000,256180000,None,-13469000,None,13469000,0,3338000,None,4500000,192115000,25733000,13469000,166382000,156613000,205584000,210084000,166382000,KLAC
2012-12-31,USD,369096000,673011000,303915000,303915000,153247000,94241000,121608000,251238000,None,-13431000,None,13431000,None,5058000,None,4600000,144874000,38244000,13431000,106630000,104683000,158305000,162905000,106630000,KLAC
2012-09-30,USD,403484000,720709000,317225000,317225000,186557000,97185000,119742000,259814000,None,-13503000,None,13503000,None,3488000,None,7200000,176542000,41175000,13503000,135367000,143399000,190045000,197245000,135367000,KLAC
2012-06-30,USD,530802000,892465000,361663000,361663000,318299000,93793000,118710000,282997000,None,-13503000,None,13503000,None,None,None,7300000,305892000,58015000,13503000,318299000,234691000,319395000,326695000,247877000,KLAC
2012-03-31,USD,485372000,840521000,355149000,355149000,284274000,90996000,110102000,237817000,None,-13505000,None,13505000,None,3264000,None,7300000,274033000,68687000,13505000,205346000,208101000,287538000,294838000,205346000,KLAC
2011-12-31,USD,369627000,642482000,272855000,272855000,159463000,93801000,116363000,245306000,None,-13296000,None,13296000,None,740000,None,7700000,146907000,36110000,13296000,110797000,107050000,160203000,167903000,110797000,KLAC
2011-09-30,USD,456127000,796476000,340349000,340349000,254289000,94076000,107762000,238527000,None,-13893000,None,13893000,None,6866000,None,8000000,247262000,55267000,13893000,191995000,187429000,261155000,269155000,191995000,KLAC
2011-06-30,USD,536259000,892439000,356180000,356180000,344069000,91261000,100929000,239854000,None,-13897000,None,13897000,-2108000,None,None,22533000,334043000,89026000,13897000,344069000,251139000,347940000,344069000,245017000,KLAC
2011-03-31,USD,506363000,834059000,327696000,327696000,311779000,98967000,95617000,228940000,None,-13409000,None,13409000,None,None,None,21075000,301520000,91737000,13409000,209783000,214644000,314929000,311779000,209783000,KLAC
2010-12-31,USD,454929000,766327000,311398000,311398000,268866000,91166000,94897000,202856000,None,-13493000,None,13493000,None,None,None,21653000,251191000,65699000,13493000,185492000,187220000,264684000,268866000,185492000,KLAC
2010-09-30,USD,418373000,682342000,263969000,263969000,235616000,88037000,94720000,198586000,None,-13529000,None,13529000,None,None,None,20783000,223312000,69116000,13529000,154196000,170388000,236841000,256399000,154196000,KLAC
2010-06-30,USD,331500000,559419000,227919000,227919000,160842000,87349000,83309000,170658000,None,None,None,13426000,None,None,None,19554000,150102000,37017000,None,None,99922000,163528000,169062000,113085000,KLAC
2010-03-31,USD,269734000,478299000,208565000,208565000,91279000,93714000,84741000,178455000,None,None,None,14092000,None,None,None,21420000,80271000,23255000,None,None,55851000,94363000,91279000,57016000,KLAC
2009-12-31,USD,233069000,440355000,207286000,207286000,47095000,102673000,83301000,185974000,None,None,None,13542000,None,None,None,23240000,38016000,16222000,None,None,None,51558000,70335000,21794000,KLAC
2009-09-30,USD,170795000,342687000,171892000,171892000,14950000,77636000,78209000,155845000,None,None,None,13457000,None,None,None,23134000,22792000,2387000,None,None,None,36249000,38084000,20405000,KLAC
2023-12-31,USD,1062000000,2144000000,1082000000,1082000000,204500049,100000000,311000000,773000000,None,68000000,68000000,None,None,None,None,10000000,682000000,25000000,None,657000000,None,-84000000,-74000000,657000000,SHOP
2023-09-30,USD,901000000,1714000000,813000000,813000000,122000000,137000000,313000000,779000000,None,63000000,606000000,None,None,None,None,13000000,728000000,10000000,None,718000000,None,-431000000,-418000000,718000000,SHOP
2023-06-30,USD,835000000,1694000000,859000000,859000000,-1636000000,131000000,648000000,1131000000,None,58000000,58000000,None,None,None,None,17000000,-1301000000,10000000,None,-1311000000,None,767000000,784000000,-1311000000,SHOP
2023-03-31,USD,717000000,1508000000,791000000,791000000,-193000000,123000000,458000000,910000000,None,52000000,269000000,486000000,None,None,None,-188000000,76000000,8000000,None,68000000,None,-193000000,-381000000,68000000,SHOP
2022-12-31,USD,798508000,1734978000,936470000,936470000,-188749000,214651000,440547000,987257000,None,38684000,425859000,291000,None,None,None,29822000,-614608000,9086000,None,-623694000,None,-218571000,-188749000,-624636240,SHOP
2022-09-30,USD,662332000,1366200000,703868000,703868000,-345366000,255125000,412359000,1007698000,None,20007000,188233000,290000,None,None,None,47922000,-157133000,1276000,None,-158409000,None,-345366000,-297444000,-158409000,SHOP
2022-06-30,USD,655642000,1295063000,639421000,639421000,-190208000,129901000,346667000,845850000,None,11636000,12505000,281000,None,None,None,28320000,-1198250000,5657000,None,-1203907000,None,-190208000,-161888000,-1203907000,SHOP
2022-03-31,USD,637637000,1203623000,565986000,565986000,-97976000,108088000,303661000,735613000,None,5315000,6189000,288000,None,None,None,22273000,-1652857000,-178449000,None,-1474408000,None,-97976000,-75703000,-1474408000,SHOP
2021-12-31,USD,692659000,1380024000,687365000,687365000,14404000,101054000,273912000,678255000,None,4040000,4918000,1465000,None,None,None,22241000,-488719000,-117408000,None,-371311000,None,-7837000,14404000,-371311000,SHOP
2021-09-30,USD,608909000,1123740000,514831000,514831000,-4101000,128722000,221028000,613010000,None,3644000,4516000,872000,None,None,None,13604000,1340452000,192020000,None,1148432000,None,415000,14019000,1148432000,SHOP
2021-06-30,USD,620860000,1119445000,498585000,498585000,139441000,77966000,183557000,481419000,None,2222000,3092000,284000,None,None,None,14663000,919315000,40222000,None,879093000,None,141947000,156610000,879093000,SHOP
2021-03-31,USD,558716000,988647000,429931000,429931000,118899000,67102000,175886000,439817000,None,1957000,2830000,873000,None,None,None,15800000,1369544000,111099000,None,1258445000,None,121729000,137529000,1258445000,SHOP
2020-12-31,USD,504388000,977744000,473356000,473356000,112541000,65395000,159077000,391847000,None,-4620000,3227000,7337000,None,None,None,17893000,109753000,-14119000,None,123872000,None,94648000,112541000,123872000,SHOP
2020-09-30,USD,405148000,767405000,362257000,362257000,50561000,51799000,143427000,354587000,None,2550000,3788000,1238000,None,None,None,17870000,186367000,-4701000,None,191068000,None,54349000,72219000,191068000,SHOP
2020-06-30,USD,375034000,714341000,339307000,339307000,284000,83307000,133227000,374750000,None,5952000,5952000,None,None,None,None,19931000,4368000,-31630000,None,35998000,None,2152000,22083000,35998000,SHOP
2020-03-31,USD,256950000,470001000,213051000,213051000,-73233000,44842000,116396000,330183000,None,10467000,10467000,10467000,None,None,None,14366000,-60124000,-28695000,None,-31429000,None,-75875000,-61509000,-31429000,SHOP
2019-12-31,USD,263891000,505160000,241269000,241269000,-30079000,59154000,102753000,293970000,None,12286000,12286000,None,None,None,None,12701000,-18540000,-19311000,None,771000,None,-42780000,-30079000,771000,SHOP
2019-09-30,USD,216696000,390552000,173856000,173856000,-35658000,45421000,90387000,252354000,None,11644000,11644000,None,None,None,None,8743000,-24446000,48338000,None,-72784000,None,-35226000,-26483000,-72784000,SHOP
2019-06-30,USD,204765000,361979000,157214000,157214000,-39620000,39655000,85520000,244385000,None,12174000,12174000,None,None,None,None,7375000,-28678000,-10942000,None,-28678000,None,-38388000,-31013000,-28678000,SHOP
2019-03-31,USD,180291000,320482000,140191000,140191000,-35790000,34704000,76355000,216081000,None,12078000,12078000,None,None,None,None,6832000,-24151000,-18471000,None,-24151000,None,-42183000,-35351000,-24151000,SHOP
2018-12-31,USD,185743000,343862000,158119000,158119000,-9458000,33014000,67024000,195201000,None,None,None,0,None,None,None,5848000,-1514000,-5848000,None,-1514000,None,-15306000,-9458000,-1514000,SHOP
2018-09-30,USD,149727000,270064000,120337000,120337000,-31368000,27831000,61629000,181095000,None,None,None,0,None,None,None,6196000,-23184000,0,None,-23184000,None,-31368000,-25172000,-23184000,SHOP
2018-06-30,USD,136955000,244963000,108008000,108008000,-30761000,25924000,54305000,167716000,None,None,None,0,None,None,None,7426000,-23953000,0,None,-23953000,None,-30761000,-23335000,-23953000,SHOP
2018-03-31,USD,123842000,214340000,90498000,90498000,-20333000,20675000,47716000,144175000,None,None,None,0,None,None,None,7582000,-15902000,0,None,-15902000,None,-20333000,-12751000,-15902000,SHOP
2017-12-31,USD,121145000,222814000,101669000,101669000,-6113000,19745000,40339000,127258000,None,None,None,0,None,None,None,7758000,-2987000,-7758000,None,-45077000,None,-13871000,-6113000,-2987000,SHOP
2017-09-30,USD,100027000,171456000,71429000,71429000,-12676000,18039000,36350000,112703000,None,None,None,0,None,None,None,5737000,-9380000,0,None,-8084000,None,-12676000,-6939000,-9380000,SHOP
2017-06-30,USD,86840000,151655000,64815000,64815000,-15907000,15161000,32714000,102747000,None,None,None,0,None,None,None,5353000,-14030000,0,None,26764000,None,-15907000,-10554000,-14030000,SHOP
2017-03-31,USD,72241000,127379000,55138000,55138000,-14461000,14774000,26594000,86702000,None,None,None,0,None,None,None,4534000,-13598000,0,None,-13598000,None,-14461000,-9927000,-13598000,SHOP
2016-12-31,USD,68135000,130383000,62248000,62248000,-9305000,13952000,24472000,77440000,None,None,None,0,None,None,None,4440000,-8867000,-4440000,None,-35355000,None,-13745000,-9305000,-8867000,SHOP
2016-09-30,USD,52455000,99578000,47123000,47123000,-9489000,9705000,19462000,61944000,None,None,None,0,None,None,None,3693000,-9120000,0,None,0,None,-9489000,-5796000,-9120000,SHOP
2016-06-30,USD,46166000,86647000,40481000,40481000,-8659000,8680000,16732000,54825000,None,None,None,0,None,None,None,2776000,-8439000,0,None,0,None,-8659000,-5883000,-8439000,SHOP
2016-03-31,USD,39271000,72722000,33451000,33451000,-9712000,7305000,13670000,48983000,None,None,None,0,None,None,None,3058000,-8929000,0,None,0,None,-9712000,-6654000,-8929000,SHOP
2015-12-31,USD,35510000,70173000,34663000,34663000,-6519000,5961000,13541000,42029000,None,None,None,0,None,None,None,2202000,-6307000,-2202000,None,-18790000,None,-8721000,-6519000,-6307000,SHOP
2015-09-30,USD,28743000,52786000,24043000,24043000,-4300000,4759000,10068000,33043000,None,None,None,0,None,None,None,1909000,-4657000,357000,None,0,None,-3886000,-1977000,-4657000,SHOP
2015-06-30,USD,25252000,44926000,19674000,19674000,-3461000,3822000,8800000,28713000,None,None,None,0,None,None,None,1655000,-3296000,-165000,None,4530000,None,-3596000,-1941000,-3296000,SHOP
2015-03-31,USD,21566000,37348000,15782000,15782000,-3476000,4189000,7313000,25042000,None,None,None,0,None,None,None,1470000,-4530000,1054000,None,-4530000,None,-2411000,-941000,-4530000,SHOP
2014-12-31,USD,19613000,35182000,15569000,15569000,-4495000,5280000,6619000,24108000,None,None,None,0,None,None,None,1309000,-4798000,303000,None,-22311000,None,-4173000,-2864000,-4798000,SHOP
2014-09-30,USD,16239000,27346000,11107000,11107000,-4109000,2352000,6563000,20348000,None,None,None,0,None,None,None,1300000,-4268000,159000,None,0,None,-3935000,-2635000,-4268000,SHOP
2014-06-30,USD,14315000,23680000,9365000,9365000,-7039000,2138000,6647000,21354000,None,None,None,0,None,None,None,1069000,-6880000,-159000,None,0,None,-7185000,-6116000,-6880000,SHOP
2014-03-31,USD,11628000,18810000,7182000,7182000,-5972000,1796000,6086000,17600000,None,None,None,0,None,None,None,994000,-6365000,393000,None,0,None,-5569000,-4575000,-6365000,SHOP
2013-12-31,USD,37551000,17735000,6486000,6486000,-4269000,14272000,5551000,54521000,None,None,None,0,None,None,None,None,-4837000,0,None,-4837000,None,-4269000,None,-4837000,SHOP
2013-09-30,USD,0,12735000,3213000,3213000,-237000,11316000,4347000,0,None,None,None,0,None,None,None,None,0,0,None,0,None,0,None,0,SHOP
2013-06-30,USD,0,10629000,2023000,2023000,237000,8369000,2533000,0,None,None,None,0,None,None,None,None,-249000,0,None,0,None,0,None,-249000,SHOP
2013-03-31,USD,0,9153000,1791000,1791000,517000,6845000,2142000,0,None,None,None,0,None,None,None,None,249000,0,None,0,None,0,None,249000,SHOP
2024-01-31,USD,1476000000,1965800000,1502000000,499100000,53600000,974500000,447900000,1422400000,None,-2800000,85300000,2800000,1968600000,5900000,None,28400000,135500000,-1611400000,2800000,1746900000,1833400000,138300000,166700000,1746900000,PANW
2023-10-31,USD,1405300000,1880300000,1278300000,472800000,215200000,780600000,409500000,1190100000,None,-2900000,71200000,2900000,1883200000,-6000000,None,24900000,282600000,88400000,2900000,194200000,144400000,285500000,310400000,194200000,PANW
2023-07-31,USD,1446500000,1944800000,1310600000,506800000,253500000,778600000,414400000,1193000000,None,-5700000,72500000,5700000,1950500000,-1000000,None,25200000,316500000,88800000,5700000,227700000,205200000,322200000,347400000,227700000,PANW
2023-04-30,USD,1246100000,1710900000,1254300000,474800000,78700000,753700000,413700000,1167400000,None,-7800000,65900000,7800000,1718700000,-3600000,None,25800000,131000000,23200000,7800000,107800000,98200000,138800000,164600000,107800000,PANW
2023-01-31,USD,1188900000,1640900000,1235900000,466200000,39900000,744900000,404100000,1149000000,None,-6900000,56600000,6900000,1647800000,2100000,None,24800000,84400000,200000,6900000,84200000,184200000,91300000,116100000,84200000,PANW
2022-10-31,USD,1101500000,1561000000,1205500000,461900000,15200000,714500000,371800000,1086300000,None,-6800000,29400000,6800000,1567800000,-7800000,None,29100000,34400000,14400000,6800000,20000000,-35500000,41200000,70300000,20000000,PANW
2022-07-31,USD,1058200000,1545400000,1202900000,492300000,15400000,679000000,363800000,1042800000,None,-6900000,None,6900000,1552300000,-4800000,None,31600000,17300000,14000000,6900000,3300000,6000000,24200000,55800000,3300000,PANW
2022-04-30,USD,946200000,1379900000,1110700000,440500000,-47600000,638400000,355400000,993800000,None,-6800000,None,6800000,1386700000,-4200000,None,31800000,-52500000,20700000,6800000,-73200000,-101300000,-45700000,-13900000,-73200000,PANW
2022-01-31,USD,911600000,1310100000,1063500000,405300000,-73900000,626500000,359000000,985500000,None,-6800000,None,6800000,1316900000,-300000,None,31700000,-80800000,12700000,6800000,-93500000,-112400000,-74000000,-42300000,-93500000,PANW
2021-10-31,USD,866800000,1240500000,1022400000,380600000,-82700000,610000000,339500000,949500000,None,-6900000,None,6900000,1247400000,900000,None,31800000,-91200000,12400000,6900000,-103600000,-105000000,-84300000,-52500000,-103600000,PANW
2021-07-31,USD,860400000,1175000000,986100000,358900000,-60400000,595500000,325300000,920800000,None,-41400000,1500000,41400000,1216400000,900000,None,31700000,-102300000,17000000,41400000,-119300000,-132800000,-60900000,-29200000,-119300000,PANW
2021-04-30,USD,743300000,1032000000,906100000,330600000,-110400000,542700000,311000000,853700000,None,-41000000,1800000,41000000,1073000000,100000,None,32800000,-150400000,-5300000,41000000,-145100000,-151400000,-109400000,-76600000,-145100000,PANW
2021-01-31,USD,709300000,972500000,868700000,307600000,-88800000,531400000,266700000,798100000,None,-40700000,2300000,40700000,1013200000,900000,None,29700000,-130000000,12300000,40700000,-142300000,-135600000,-89300000,-59600000,-142300000,PANW
2020-10-31,USD,668200000,907900000,776700000,277800000,-44500000,475300000,237400000,712700000,None,-40200000,2900000,40200000,948100000,-2600000,None,23600000,-82300000,9900000,40200000,-92200000,-99500000,-42100000,-18500000,-92200000,PANW
2020-07-31,USD,660000000,919000000,752300000,290400000,-17800000,461900000,215900000,677800000,None,-31400000,3400000,31400000,950400000,800000,None,23200000,-48400000,10500000,31400000,-58900000,-46400000,-17000000,6200000,-58900000,PANW
2020-04-30,USD,611100000,850200000,748900000,258300000,-56500000,471300000,196300000,667600000,None,-19400000,8300000,19400000,869600000,-400000,None,19300000,-67800000,7000000,19400000,-74800000,-75000000,-48400000,-29100000,-74800000,PANW
2020-01-31,USD,583600000,795300000,702100000,233100000,-52900000,451100000,185400000,636500000,None,-19000000,13900000,19000000,814300000,-700000,None,17900000,-61100000,12600000,19000000,-73700000,-74900000,-42100000,-24200000,-73700000,PANW
2019-10-31,USD,554200000,753400000,670100000,217700000,-51800000,435500000,170500000,606000000,None,-18900000,15800000,18900000,772300000,0,None,16900000,-54500000,5100000,18900000,-59600000,-56500000,-35600000,-18700000,-59600000,PANW
2019-07-31,USD,588400000,785800000,657000000,217400000,-9900000,439600000,158700000,598300000,None,-20000000,18100000,20000000,805800000,16200000,None,15100000,-13700000,7100000,20000000,-20800000,-17300000,6300000,21400000,-20800000,PANW
2019-04-30,USD,521700000,705900000,620900000,204900000,-18700000,401300000,139100000,540400000,None,-20600000,2400000,20600000,726500000,18200000,None,14700000,-21100000,-900000,20600000,-20200000,-17600000,-500000,14200000,-20200000,PANW
2019-01-31,USD,508600000,689400000,590700000,202600000,6600000,373700000,128300000,502000000,None,-20600000,None,20600000,710000000,16000000,None,14400000,2000000,4600000,20600000,-2600000,6600000,22600000,37000000,-2600000,PANW
2018-10-31,USD,472500000,631100000,584100000,183500000,-32100000,391200000,113400000,504600000,None,-22700000,None,22700000,653800000,13000000,None,9400000,-41800000,-3500000,24900000,-38300000,-40900000,-19100000,-9700000,-38300000,PANW
2018-07-31,USD,474000000,677300000,539200000,184500000,17100000,354500000,110300000,456900000,None,-10400000,None,10400000,658500000,10200000,None,7100000,16900000,9900000,10400000,-2300000,3800000,27300000,34400000,7000000,PANW
2018-04-30,USD,407800000,560600000,522900000,159900000,-45300000,359200000,99600000,453100000,None,-6500000,None,6500000,570400000,8600000,None,3800000,-43200000,-2800000,6500000,-46700000,-46400000,-36700000,-32900000,-40400000,PANW
2018-01-31,USD,386200000,536000000,477600000,159400000,-22500000,318300000,96600000,408700000,None,-6400000,None,6400000,544400000,4900000,None,2700000,-24000000,1600000,6400000,-34900000,-25800000,-17600000,-14900000,-25600000,PANW
2017-10-31,USD,360500000,499200000,481000000,141300000,-53500000,324200000,94200000,414000000,None,-6300000,None,6300000,501200000,4800000,None,2700000,-55000000,8200000,6300000,-64000000,-66800000,-48700000,-46000000,-63200000,PANW
2017-07-31,USD,370600000,527400000,449100000,138500000,-27300000,310600000,87300000,397900000,None,-6200000,None,6200000,None,2900000,None,2700000,-30600000,7600000,6200000,-38200000,-23800000,-24400000,-21700000,-38200000,PANW
2017-04-30,USD,308100000,425600000,397400000,123700000,-49100000,271200000,86000000,357200000,None,-6200000,None,6200000,None,2100000,None,2500000,-53200000,7700000,6200000,-60900000,-60000000,-47000000,-44500000,-60900000,PANW
2017-01-31,USD,309400000,416500000,387100000,113200000,-54400000,273900000,89900000,363800000,None,-6100000,None,6100000,None,2700000,None,14400000,-57800000,2800000,6100000,-60600000,-63800000,-51700000,-37300000,-60600000,PANW
2016-10-31,USD,296900000,392100000,363400000,101200000,-49000000,262100000,84200000,345900000,None,-6000000,None,6000000,None,2500000,None,13600000,-52500000,4400000,6000000,-61800000,-59800000,-46500000,-33800000,-56900000,PANW
2016-07-31,USD,299100000,418200000,369700000,101700000,-22700000,268000000,76500000,321800000,None,-6000000,None,6000000,None,2700000,None,2300000,-26000000,5400000,6000000,-54500000,-31000000,-20000000,-17700000,-31400000,PANW
2016-04-30,USD,250900000,340000000,330400000,94900000,-52500000,235500000,74000000,303400000,None,-5800000,None,5800000,None,1000000,None,2300000,-57300000,6800000,5800000,-70200000,-62800000,-51500000,-49200000,-64100000,PANW
2016-01-31,USD,240500000,328900000,316000000,94200000,-50100000,221800000,74000000,290600000,None,-5800000,None,5800000,None,2500000,None,10300000,-53400000,3900000,5800000,-62500000,-57600000,-47600000,-42500000,-57300000,PANW
2015-10-31,USD,218000000,291400000,268300000,79200000,-32000000,189100000,59700000,250000000,None,-5800000,None,5800000,None,2200000,None,9200000,-35600000,4300000,5800000,-38700000,-40200000,-29800000,-19400000,-39900000,PANW
2015-07-31,USD,209600000,300586000,265323000,74300000,-34500000,191005000,53100000,244100000,None,-5666000,-66000,5600000,None,-346000,None,2220000,-40600000,5400000,5666000,-45971000,-12500000,-35000000,-32780000,-46000000,PANW
2015-04-30,USD,169800000,228541000,224381000,64400000,-36700000,158015000,48400000,206500000,None,-5631000,69000,5700000,None,-55000,None,1971000,-42400000,3500000,5631000,-45935000,-46000000,-36700000,-34729000,-45900000,PANW
2015-01-31,USD,158300000,212116000,211178000,59400000,-38500000,149898000,47000000,196800000,None,-5539000,-39000,5500000,None,344000,None,1955000,-43700000,-700000,5539000,-43008000,-42800000,-38200000,-36245000,-43000000,PANW
2014-10-31,USD,138900000,186857000,180558000,53400000,-23800000,125343000,37300000,162700000,None,-5489000,11000,5500000,None,341000,None,1754000,-28900000,1200000,5489000,-30068000,-30000000,-23400000,-21646000,-30100000,PANW
2014-07-31,USD,129624000,178252000,170849000,48607000,-25448000,122242000,32830000,155072000,None,-1848000,None,1848000,None,-5560000,None,1658000,-32891000,-833000,1848000,-32058000,-32283000,-31043000,-29385000,-32058000,PANW
2014-04-30,USD,110990000,150700000,148242000,39710000,-145732000,107712000,27837000,256722000,272000,-13000,None,13000,None,417000,None,820000,-145315000,1272000,13000,-146587000,-146569000,-145302000,-144482000,-146587000,PANW
2014-01-31,USD,103564000,141068000,154241000,37504000,-37156000,116467000,24253000,140720000,187000,-14000,None,14000,None,-184000,None,270000,-37340000,2606000,14000,-39946000,-39908000,-37326000,-37056000,-39946000,PANW
2013-10-31,USD,94373000,128180000,115298000,33807000,-7011000,81491000,19893000,101384000,160000,-8000,None,8000,None,397000,None,155000,-6614000,1247000,8000,-7861000,-7840000,-6606000,-6451000,-7861000,PANW
2013-07-31,USD,82127000,112385000,101641000,30258000,-6883000,71383000,17627000,89010000,137000,-9000,None,9000,None,5000,None,57000,-6878000,8958000,9000,-15836000,-15875000,-6869000,-6812000,-15836000,PANW
2013-04-30,USD,73599000,101289000,91691000,27690000,-6450000,64001000,16048000,80049000,133000,-18000,None,18000,None,-24000,None,42000,-6474000,808000,18000,-7282000,-7248000,-6456000,-6414000,-7282000,PANW
2013-01-31,USD,68881000,96499000,83161000,27618000,-2157000,55543000,15495000,71038000,116000,-7000,None,7000,None,56000,None,13000,-2101000,512000,7000,-2613000,-2597000,-2094000,-2081000,-2613000,PANW
2012-10-31,USD,61744000,85934000,75753000,24190000,-3131000,51563000,13312000,64875000,98000,-40000,None,40000,None,-72000,None,2053000,-3203000,312000,40000,-3515000,-3542000,-3163000,-908000,-3515000,PANW
2012-07-31,USD,54075000,75642000,21567000,21567000,-4244000,8852000,11746000,58319000,None,None,None,66000,None,None,None,1941000,-4310000,289000,None,None,-4599000,-4244000,-4167000,-4599000,PANW
2012-04-30,USD,47067000,65700000,18633000,18633000,-41000,6430000,10462000,47108000,None,None,None,None,None,None,None,1719000,-41000,-837000,None,None,796000,-41000,1678000,796000,PANW
2012-01-31,USD,41170000,56683000,15513000,15513000,1276000,5768000,8514000,39894000,None,None,None,564000,None,None,None,1324000,712000,288000,None,None,424000,1276000,2600000,424000,PANW
2011-10-31,USD,42273000,57113000,14840000,14840000,6900000,5157000,7848000,35373000,None,None,None,462000,None,None,None,1150000,6438000,2322000,None,None,4116000,6900000,8514000,4116000,PANW
