fiscalDateEnding,reportedCurrency,grossProfit,totalRevenue,costOfRevenue,costofGoodsAndServicesSold,operatingIncome,sellingGeneralAndAdministrative,researchAndDevelopment,operatingExpenses,investmentIncomeNet,netInterestIncome,interestIncome,interestExpense,nonInterestIncome,otherNonOperatingIncome,depreciation,depreciationAndAmortization,incomeBeforeTax,incomeTaxExpense,interestAndDebtExpense,netIncomeFromContinuingOperations,comprehensiveIncomeNetOfTax,ebit,ebitda,netIncome,Symbol
2023-12-31,USD,54855000000,119575000000,71506000000,64720000000,40373000000,6786000000,7696000000,14482000000,None,None,None,None,119575000000,None,None,2848000000,40323000000,6407000000,None,33916000000,35990000000,40373000000,43221000000,33916000000,AAPL
2023-09-30,USD,40427000000,88496000000,55222000000,49071000000,26969000000,6151000000,7307000000,13458000000,984000000,-1002000000,18000000,1002000000,89498000000,47000000,None,2653000000,26998000000,4042000000,1002000000,22956000000,23305000000,28000000000,29622000000,22956000000,AAPL
2023-06-30,USD,36413000000,80799000000,51357000000,45384000000,22998000000,5973000000,7442000000,13415000000,980000000,-998000000,18000000,998000000,81797000000,-247000000,None,3052000000,22733000000,2852000000,998000000,19881000000,19826000000,23731000000,26050000000,19881000000,AAPL
2023-03-31,USD,41976000000,94836000000,52860000000,52860000000,28318000000,6201000000,7457000000,13658000000,None,-12000000,12000000,930000000,None,76000000,None,2898000000,28382000000,4222000000,None,24160000000,25326000000,29312000000,31216000000,24160000000,AAPL
2022-12-31,USD,50332000000,116151000000,73429000000,66822000000,36016000000,6607000000,7709000000,14316000000,868000000,-1003000000,135000000,1003000000,117154000000,-258000000,None,2916000000,35623000000,5625000000,1003000000,29998000000,28195000000,36626000000,38932000000,29998000000,AAPL
2022-09-30,USD,38095000000,89319000000,58491000000,52051000000,24894000000,6440000000,6761000000,13201000000,753000000,-827000000,74000000,827000000,90146000000,-163000000,None,2865000000,24657000000,3936000000,827000000,20721000000,18909000000,25484000000,27759000000,20721000000,AAPL
2022-06-30,USD,35885000000,82240000000,53086000000,47074000000,23076000000,6012000000,6797000000,12809000000,722000000,-719000000,722000000,719000000,82959000000,-13000000,None,2805000000,23066000000,3624000000,719000000,19442000000,16639000000,23785000000,25881000000,19442000000,AAPL
2022-03-31,USD,42559000000,96587000000,60912000000,54719000000,29979000000,6193000000,6387000000,12580000000,700000000,-691000000,700000000,691000000,97278000000,151000000,None,2737000000,30139000000,5129000000,691000000,25010000000,19443000000,30830000000,32716000000,25010000000,AAPL
2021-12-31,USD,54243000000,123251000000,76151000000,69702000000,41488000000,6449000000,6306000000,12755000000,650000000,-694000000,650000000,694000000,123945000000,-203000000,None,2697000000,41241000000,6611000000,694000000,34630000000,33540000000,41935000000,44185000000,34630000000,AAPL
2021-09-30,USD,35174000000,82688000000,53802000000,48186000000,23786000000,5616000000,5772000000,11388000000,659000000,-672000000,659000000,672000000,83360000000,-525000000,None,2989000000,23248000000,2697000000,672000000,20551000000,20656000000,23920000000,26775000000,20551000000,AAPL
2021-06-30,USD,35255000000,80769000000,51591000000,46179000000,24126000000,5412000000,5717000000,11129000000,719000000,-665000000,719000000,665000000,81434000000,189000000,None,2832000000,24369000000,2625000000,665000000,21744000000,22088000000,25034000000,26958000000,21744000000,AAPL
2021-03-31,USD,38079000000,88914000000,56819000000,51505000000,27503000000,5314000000,5262000000,10576000000,718000000,-670000000,718000000,670000000,89584000000,460000000,None,2797000000,28011000000,4381000000,670000000,23630000000,23165000000,28681000000,30300000000,23630000000,AAPL
2020-12-31,USD,44328000000,110801000000,72742000000,67111000000,33534000000,5631000000,5163000000,10794000000,747000000,-638000000,747000000,638000000,111439000000,-64000000,None,2666000000,33579000000,4824000000,638000000,28755000000,29340000000,34217000000,36200000000,28755000000,AAPL
2020-09-30,USD,24689000000,64698000000,44945000000,40009000000,14775000000,4936000000,4978000000,9914000000,768000000,-634000000,134000000,634000000,64698000000,-8000000,None,2702000000,14901000000,2228000000,634000000,24689000000,12817000000,15535000000,17477000000,12673000000,AAPL
2020-06-30,USD,22680000000,58988000000,41836000000,37005000000,13091000000,4831000000,4758000000,9589000000,901000000,-697000000,901000000,697000000,59685000000,-158000000,None,2752000000,13137000000,1884000000,697000000,11253000000,13492000000,13834000000,15843000000,11253000000,AAPL
2020-03-31,USD,22370000000,57556000000,40895000000,35943000000,12853000000,4952000000,4565000000,9517000000,1049000000,-757000000,1049000000,757000000,58313000000,-10000000,None,2786000000,13135000000,1886000000,757000000,11249000000,8878000000,13892000000,15639000000,11249000000,AAPL
2019-12-31,USD,35217000000,91034000000,61799000000,56602000000,25569000000,5197000000,4451000000,9648000000,1045000000,-785000000,1045000000,785000000,91819000000,89000000,None,2816000000,25918000000,3682000000,785000000,22236000000,22266000000,26703000000,28385000000,22236000000,AAPL
2019-09-30,USD,24313000000,64040000000,44305000000,39727000000,15625000000,4578000000,4110000000,8688000000,1106000000,-810000000,1106000000,810000000,64040000000,206000000,None,3179000000,16127000000,2441000000,810000000,24313000000,13741000000,16937000000,18804000000,13686000000,AAPL
2019-06-30,USD,20227000000,52943000000,38008000000,33582000000,11544000000,4426000000,4257000000,8683000000,1190000000,-866000000,1190000000,866000000,53809000000,43000000,None,2933000000,11911000000,1867000000,866000000,10044000000,10904000000,12777000000,14477000000,10044000000,AAPL
2019-03-31,USD,21821000000,57005000000,40652000000,36194000000,13415000000,4458000000,3948000000,8406000000,1358000000,-1010000000,1358000000,1010000000,58015000000,30000000,None,3040000000,13793000000,2232000000,1010000000,11561000000,13650000000,14803000000,16455000000,11561000000,AAPL
2018-12-31,USD,32031000000,83420000000,57062000000,52279000000,23346000000,4783000000,3902000000,8685000000,1307000000,-890000000,None,890000000,84310000000,143000000,None,3395000000,23906000000,3941000000,890000000,19965000000,19742000000,24796000000,26741000000,19965000000,AAPL
2018-09-30,USD,24084000000,62900000000,38816000000,38816000000,16118000000,4216000000,3750000000,7966000000,1311000000,-868000000,None,868000000,62900000000,-140000000,None,2754000000,16421000000,2296000000,868000000,24084000000,13782000000,17289000000,18872000000,14125000000,AAPL
2018-06-30,USD,20421000000,53265000000,32844000000,32844000000,12612000000,4108000000,3701000000,7809000000,1418000000,-846000000,None,846000000,53265000000,100000000,None,2665000000,13284000000,1765000000,846000000,11519000000,11472000000,14130000000,15277000000,11519000000,AAPL
2018-03-31,USD,23422000000,61137000000,37715000000,37715000000,15894000000,4150000000,3378000000,7528000000,1505000000,-792000000,None,792000000,61137000000,-439000000,None,2739000000,16168000000,2346000000,792000000,13822000000,11877000000,16960000000,18633000000,13822000000,AAPL
2017-12-31,USD,33912000000,88293000000,54381000000,54381000000,26274000000,4231000000,3407000000,7638000000,1452000000,-734000000,None,734000000,88293000000,38000000,None,2745000000,27030000000,6965000000,734000000,20065000000,19374000000,27764000000,29019000000,20065000000,AAPL
2017-09-30,USD,19931000000,52579000000,32648000000,32648000000,13120000000,3814000000,2997000000,6811000000,1368000000,-666000000,None,666000000,None,95000000,None,2484000000,13917000000,3203000000,666000000,19931000000,11109000000,14583000000,15604000000,10714000000,AAPL
2017-06-30,USD,17488000000,45408000000,27920000000,27920000000,10768000000,3783000000,2937000000,6720000000,1327000000,-602000000,None,602000000,None,-185000000,None,2354000000,11308000000,2591000000,602000000,17488000000,8594000000,11910000000,13122000000,8717000000,AAPL
2017-03-31,USD,20591000000,52896000000,32305000000,32305000000,14097000000,3718000000,2776000000,6494000000,1282000000,-530000000,None,530000000,None,-165000000,None,2332000000,14684000000,3655000000,530000000,20591000000,10362000000,15214000000,16429000000,11029000000,AAPL
2016-12-31,USD,30176000000,78351000000,48175000000,48175000000,23359000000,3946000000,2871000000,6817000000,1224000000,-525000000,None,525000000,None,122000000,None,2987000000,24180000000,6289000000,525000000,17891000000,17502000000,24705000000,26346000000,17891000000,AAPL
2016-09-30,USD,17813000000,47858000000,40821000000,29039000000,11761000000,3482000000,2570000000,6052000000,1036000000,-450000000,None,450000000,None,-159000000,None,2548000000,12188000000,3174000000,450000000,17813000000,9755000000,12638000000,14309000000,9014000000,AAPL
2016-06-30,USD,16106000000,41949000000,29693000000,26252000000,10105000000,3441000000,2560000000,6001000000,1036000000,-409000000,None,409000000,None,-263000000,None,2526000000,10469000000,2673000000,409000000,7796000000,8737000000,10878000000,12631000000,7796000000,AAPL
2016-03-31,USD,19921000000,50236000000,34059000000,30636000000,13987000000,3423000000,2511000000,5934000000,986000000,-321000000,None,321000000,None,-510000000,None,2477000000,14142000000,3626000000,321000000,10516000000,10948000000,14463000000,16464000000,10516000000,AAPL
2015-12-31,USD,30423000000,75596000000,49297000000,45449000000,24171000000,3848000000,2404000000,6252000000,941000000,-276000000,None,276000000,None,-263000000,None,2954000000,24573000000,6212000000,276000000,18361000000,17226000000,24849000000,27125000000,18361000000,AAPL
2015-09-30,USD,20548000000,51501000000,43858000000,30953000000,14623000000,3705000000,2220000000,5925000000,826000000,-238000000,None,238000000,None,-149000000,None,3119000000,15062000000,3938000000,238000000,20548000000,9681000000,15300000000,17742000000,11124000000,AAPL
2015-06-30,USD,19681000000,49404000000,33488000000,29924000000,14083000000,3564000000,2034000000,5598000000,766000000,-201000000,None,201000000,None,-175000000,None,3084000000,14473000000,3796000000,201000000,10677000000,9065000000,14674000000,17167000000,10677000000,AAPL
2015-03-31,USD,23656000000,57847000000,37814000000,34354000000,18278000000,3460000000,1918000000,5378000000,675000000,-163000000,None,163000000,None,-226000000,None,2479000000,18564000000,4995000000,163000000,13569000000,14316000000,18727000000,20757000000,13569000000,AAPL
2014-12-31,USD,29741000000,74468000000,48458000000,44858000000,24246000000,3600000000,1895000000,5495000000,654000000,-131000000,None,131000000,None,-353000000,None,2575000000,24416000000,6392000000,131000000,18024000000,18905000000,24547000000,26821000000,18024000000,AAPL
2014-09-30,USD,16009000000,42123000000,36172000000,26114000000,11165000000,3158000000,1686000000,4844000000,519000000,-115000000,None,115000000,None,-97000000,None,1969000000,11472000000,3005000000,115000000,16009000000,9463000000,11587000000,13134000000,8467000000,AAPL
2014-06-30,USD,14735000000,37332000000,25547000000,22697000000,10282000000,2850000000,1603000000,4453000000,439000000,-100000000,None,100000000,None,-137000000,None,1946000000,10484000000,2736000000,100000000,7748000000,8085000000,10584000000,12228000000,7748000000,AAPL
2014-03-31,USD,17947000000,45561000000,30631000000,27699000000,13593000000,2932000000,1422000000,4354000000,410000000,-85000000,None,85000000,None,-100000000,None,1887000000,13818000000,3595000000,85000000,10223000000,10278000000,13903000000,15480000000,10223000000,AAPL
2013-12-31,USD,21846000000,57510000000,38801000000,35748000000,17463000000,3053000000,1330000000,4383000000,427000000,-84000000,None,84000000,None,-97000000,None,2144000000,17709000000,4637000000,84000000,13072000000,13237000000,17793000000,19607000000,13072000000,AAPL
2013-09-30,USD,13871000000,37472000000,32074000000,23601000000,10030000000,2673000000,1168000000,3841000000,390000000,-83000000,None,83000000,None,-194000000,None,1783000000,10143000000,2631000000,83000000,13871000000,7275000000,10226000000,11813000000,7512000000,AAPL
2013-06-30,USD,13024000000,35270000000,24944000000,22299000000,9201000000,2645000000,1178000000,3823000000,385000000,-53000000,None,53000000,None,-98000000,None,1694000000,9435000000,2535000000,53000000,6900000000,5702000000,9488000000,10895000000,6900000000,AAPL
2013-03-31,USD,16349000000,43603000000,29926000000,27254000000,12558000000,2672000000,1119000000,3791000000,420000000,0,None,0,None,-73000000,None,1692000000,12905000000,3358000000,0,9547000000,9899000000,12905000000,14250000000,9547000000,AAPL
2012-12-31,USD,21060000000,54512000000,36292000000,33452000000,17210000000,2840000000,1010000000,3850000000,421000000,0,None,0,None,41000000,None,1588000000,17672000000,4594000000,0,13078000000,13191000000,17672000000,18798000000,13078000000,AAPL
2012-09-30,USD,14401000000,35966000000,26716000000,21565000000,10944000000,2551000000,906000000,3457000000,None,None,None,51000000,None,-51000000,None,981000000,10893000000,2670000000,None,14401000000,8190000000,10944000000,11925000000,8223000000,AAPL
2012-06-30,USD,14994000000,35023000000,22574000000,20029000000,11573000000,2545000000,876000000,3421000000,None,None,None,288000000,None,288000000,None,835000000,11861000000,3037000000,None,8824000000,8832000000,11573000000,12408000000,8824000000,AAPL
2012-03-31,USD,18564000000,39186000000,22961000000,20622000000,15384000000,2339000000,841000000,3180000000,None,None,None,148000000,None,148000000,None,740000000,15532000000,3910000000,None,11622000000,11762000000,15384000000,16124000000,11622000000,AAPL
2011-12-31,USD,20703000000,46333000000,28235000000,25630000000,17340000000,2605000000,758000000,3363000000,None,None,None,137000000,None,137000000,None,721000000,17477000000,4413000000,None,13064000000,13005000000,17340000000,18061000000,13064000000,AAPL
2011-09-30,USD,11380000000,28270000000,20515000000,16890000000,8710000000,2025000000,645000000,2670000000,None,None,None,81000000,None,81000000,None,543000000,8791000000,2168000000,None,11380000000,6677000000,8710000000,9253000000,6623000000,AAPL
2011-06-30,USD,11922000000,28571000000,18564000000,16649000000,9379000000,1915000000,628000000,2543000000,None,None,None,172000000,None,172000000,None,481000000,9551000000,2243000000,None,7308000000,7571000000,9379000000,9860000000,7308000000,AAPL
2011-03-31,USD,10218000000,24708000000,16212000000,14449000000,7874000000,1763000000,581000000,2344000000,None,None,None,26000000,None,26000000,None,434000000,7900000000,1913000000,None,5987000000,5999000000,7874000000,8308000000,5987000000,AAPL
2010-12-31,USD,10298000000,26741000000,18339000000,16443000000,7827000000,1896000000,575000000,2471000000,None,None,None,136000000,None,136000000,None,356000000,7963000000,1959000000,None,6004000000,6164000000,7827000000,8183000000,6004000000,AAPL
2010-09-30,USD,7512000000,20343000000,15217000000,12831000000,5447000000,1571000000,494000000,2065000000,None,None,None,14000000,None,14000000,None,329000000,5461000000,1153000000,None,7512000000,4154000000,5447000000,5776000000,4308000000,AAPL
2010-06-30,USD,6136000000,15700000000,11002000000,9564000000,4234000000,1438000000,464000000,1902000000,None,None,None,58000000,None,58000000,None,273000000,4292000000,1039000000,None,3253000000,3236000000,4234000000,4507000000,3253000000,AAPL
2010-03-31,USD,5625000000,13499000000,9094000000,7874000000,3979000000,1220000000,426000000,1646000000,None,None,None,266000000,None,50000000,None,216000000,4029000000,955000000,None,3074000000,3088000000,3979000000,3979000000,3074000000,AAPL
2009-12-31,USD,6411000000,15683000000,10560000000,9272000000,4725000000,1288000000,398000000,1686000000,None,None,None,33000000,None,33000000,None,209000000,4758000000,1380000000,None,3378000000,3412000000,4725000000,4934000000,3378000000,AAPL
2009-09-30,USD,5105000000,12207000000,7102000000,7102000000,3684000000,1063000000,358000000,1421000000,None,None,None,45000000,None,None,None,197000000,3729000000,1197000000,None,5105000000,2628000000,3684000000,2390000000,2532000000,AAPL
2009-06-30,USD,3983000000,8337000000,5314000000,5751000000,2632000000,1010000000,341000000,1351000000,None,None,None,236000000,None,60000000,None,176000000,2692000000,864000000,None,1229000000,1900000000,2632000000,1672000000,1828000000,AAPL
2009-03-31,USD,3627000000,8163000000,5192000000,5457000000,2323000000,985000000,319000000,1304000000,None,None,None,63000000,None,None,None,172000000,2386000000,766000000,None,None,None,2323000000,1839000000,1620000000,AAPL
2008-12-31,USD,4507000000,10167000000,6635000000,7373000000,3101000000,1091000000,315000000,1406000000,None,None,None,158000000,None,None,None,158000000,3259000000,1004000000,None,None,None,3101000000,2284000000,2255000000,AAPL
2008-09-30,USD,4791000000,7895000000,5156000000,8116000000,3494000000,999000000,298000000,1297000000,None,None,None,140000000,None,None,None,134000000,3634000000,1213000000,None,None,None,3494000000,1576000000,2421000000,AAPL
2008-06-30,USD,2600000000,7464000000,4864000000,4864000000,1392000000,916000000,292000000,1208000000,None,None,None,118000000,None,None,None,117000000,1510000000,438000000,None,None,None,1392000000,1509000000,1072000000,AAPL
2023-12-31,USD,47494000000,85069000000,37575000000,37575000000,23697000000,12925000000,12113000000,26241000000,None,-69000000,1110000000,69000000,85138000000,-47000000,None,1563000000,24412000000,3725000000,69000000,20687000000,23321000000,24481000000,25260000000,20687000000,GOOG
2023-09-30,USD,43078000000,76307000000,33229000000,33229000000,21343000000,10863000000,11258000000,22223000000,None,-116000000,1066000000,116000000,76423000000,120000000,None,3800000000,21197000000,1508000000,116000000,19689000000,18644000000,21313000000,26293000000,19689000000,GOOG
2023-06-30,USD,42467000000,74383000000,31916000000,31916000000,21838000000,10262000000,10588000000,20920000000,None,-43000000,892000000,43000000,74426000000,94000000,None,3397000000,21903000000,3535000000,43000000,18368000000,18377000000,21946000000,26120000000,18368000000,GOOG
2023-03-31,USD,39074000000,69686000000,30612000000,30612000000,17415000000,10292000000,11468000000,24318000000,None,-80000000,797000000,80000000,69766000000,132000000,None,3186000000,18205000000,3154000000,80000000,15051000000,16654000000,18285000000,21597000000,15051000000,GOOG
2022-12-31,USD,38949000000,74291000000,35342000000,35342000000,18160000000,12279000000,10267000000,22546000000,None,-90000000,659000000,90000000,74381000000,104000000,None,5126000000,17147000000,3523000000,90000000,13624000000,14873000000,17237000000,23286000000,13624000000,GOOG
2022-09-30,USD,38262000000,69420000000,31158000000,31158000000,17135000000,10526000000,10273000000,20799000000,None,-101000000,615000000,101000000,69521000000,143000000,None,4759000000,16233000000,2323000000,101000000,13910000000,10886000000,16334000000,21894000000,13910000000,GOOG
2022-06-30,USD,39639000000,69743000000,30104000000,30104000000,19453000000,10287000000,9841000000,20128000000,None,-83000000,486000000,83000000,69826000000,259000000,None,4844000000,19014000000,3012000000,83000000,16002000000,14223000000,19097000000,24297000000,16002000000,GOOG
2022-03-31,USD,38460000000,68059000000,29599000000,29599000000,20094000000,9199000000,9119000000,18318000000,None,-83000000,414000000,83000000,68142000000,-125000000,None,4215000000,18934000000,2498000000,83000000,16436000000,14010000000,19017000000,24309000000,16436000000,GOOG
2021-12-31,USD,42152000000,75140000000,32988000000,32988000000,21885000000,11744000000,8708000000,20452000000,None,-117000000,378000000,117000000,-181639000000,120000000,None,3439000000,24402000000,3760000000,117000000,20642000000,19427000000,24519000000,25643000000,20642000000,GOOG
2021-09-30,USD,37307000000,64928000000,27621000000,27621000000,21031000000,8772000000,7694000000,16466000000,None,-77000000,387000000,77000000,65005000000,8000000,None,3304000000,23064000000,4128000000,77000000,18936000000,18338000000,23141000000,24426000000,18936000000,GOOG
2021-06-30,USD,35653000000,61880000000,26227000000,26227000000,19361000000,8617000000,7675000000,16292000000,None,-76000000,389000000,76000000,61960000000,-90000000,None,2945000000,21985000000,3460000000,76000000,18525000000,18718000000,22061000000,22174000000,18525000000,GOOG
2021-03-31,USD,31211000000,55314000000,24103000000,24103000000,16437000000,7289000000,7485000000,14774000000,None,-76000000,345000000,76000000,55519000000,373000000,None,2753000000,21283000000,3353000000,76000000,17930000000,17294000000,21359000000,19248000000,17930000000,GOOG
2020-12-31,USD,30038000000,56118000000,26080000000,26080000000,15651000000,8145000000,7022000000,15167000000,None,-53000000,386000000,53000000,-125497000000,-420000000,None,3725000000,18689000000,3462000000,53000000,15227000000,15814000000,18742000000,19292000000,15227000000,GOOG
2020-09-30,USD,25013000000,46130000000,21117000000,21117000000,11213000000,6987000000,6856000000,13843000000,None,-48000000,460000000,48000000,46178000000,-88000000,None,3478000000,13359000000,2112000000,48000000,11247000000,11589000000,13407000000,14954000000,11247000000,GOOG
2020-06-30,USD,19744000000,38297000000,18553000000,18553000000,6383000000,6486000000,6875000000,13361000000,None,-13000000,433000000,13000000,38761000000,-147000000,None,3386000000,8277000000,1318000000,13000000,6959000000,7760000000,8290000000,9926000000,6959000000,GOOG
2020-03-31,USD,22177000000,41159000000,18982000000,18982000000,7977000000,7380000000,6820000000,14200000000,None,-21000000,586000000,21000000,41310000000,18000000,None,3108000000,7757000000,921000000,21000000,6836000000,6971000000,7778000000,11769000000,6836000000,GOOG
2019-12-31,USD,24855000000,45569000000,21020000000,21020000000,9266000000,8567000000,7222000000,15789000000,None,-17000000,621000000,17000000,45892000000,-72000000,None,3413000000,10704000000,33000000,17000000,10671000000,10635000000,10721000000,13695000000,10671000000,GOOG
2019-09-30,USD,22935000000,40503000000,17568000000,17568000000,9177000000,7200000000,6554000000,13754000000,None,-23000000,631000000,23000000,40526000000,68000000,None,2920000000,8628000000,1560000000,23000000,7068000000,6963000000,8651000000,13009000000,7068000000,GOOG
2019-06-30,USD,21749000000,39045000000,17296000000,17296000000,9180000000,6255000000,6213000000,12468000000,None,-25000000,653000000,25000000,39070000000,53000000,None,2835000000,12147000000,2200000000,25000000,9947000000,10636000000,12172000000,12262000000,9947000000,GOOG
2019-03-31,USD,20327000000,36339000000,16012000000,16012000000,6608000000,5993000000,6029000000,12022000000,None,-35000000,1417000000,35000000,36453000000,53000000,None,2613000000,8146000000,1489000000,35000000,6657000000,7213000000,8181000000,11336000000,6657000000,GOOG
2018-12-31,USD,21358000000,39276000000,17918000000,17918000000,8221000000,7121000000,6034000000,13155000000,None,-29000000,None,29000000,40666000000,68000000,None,2580000000,10072000000,1124000000,29000000,8948000000,8318000000,10101000000,11412000000,8948000000,GOOG
2018-09-30,USD,19459000000,33740000000,14281000000,14281000000,8625000000,5917000000,5232000000,11149000000,None,-28000000,None,28000000,34059000000,49000000,None,2355000000,10083000000,891000000,28000000,9192000000,9041000000,10111000000,11168000000,9192000000,GOOG
2018-06-30,USD,18774000000,32657000000,13883000000,13883000000,3045000000,5782000000,5114000000,10896000000,None,-27000000,None,27000000,33145000000,49000000,None,2114000000,4215000000,1020000000,27000000,3195000000,2340000000,4242000000,10392000000,3195000000,GOOG
2018-03-31,USD,17679000000,31146000000,13467000000,13467000000,7633000000,5639000000,5039000000,10678000000,None,-30000000,None,30000000,31122000000,212000000,None,1986000000,10543000000,1142000000,30000000,9401000000,9821000000,10573000000,9591000000,9401000000,GOOG
2017-12-31,USD,18056000000,32323000000,14267000000,14267000000,7696000000,6086000000,4306000000,10392000000,None,-36000000,None,36000000,-20000000,43000000,None,2026000000,8018000000,11038000000,36000000,-3083000000,-3266000000,8054000000,10134000000,-3020000000,GOOG
2017-09-30,USD,16624000000,27772000000,11148000000,11148000000,7782000000,4637000000,4205000000,8842000000,None,-27000000,None,27000000,-53000000,47000000,None,1761000000,7979000000,1247000000,27000000,6701000000,7714000000,8006000000,9896000000,6732000000,GOOG
2017-06-30,USD,15637000000,26010000000,10373000000,10373000000,4132000000,4597000000,4172000000,8769000000,None,-21000000,None,21000000,-46000000,34000000,None,1625000000,4377000000,853000000,21000000,3511000000,3965000000,4398000000,8821000000,3524000000,GOOG
2017-03-31,USD,14955000000,24750000000,9795000000,9795000000,6568000000,4445000000,3942000000,8387000000,None,-25000000,None,25000000,-2000000,34000000,None,1503000000,6819000000,1393000000,25000000,5377000000,5659000000,6844000000,8417000000,5426000000,GOOG
2016-12-31,USD,15403000000,26064000000,10661000000,10661000000,6639000000,5142000000,3622000000,8764000000,None,-33000000,None,33000000,-38000000,35000000,None,1687000000,6857000000,1524000000,33000000,5542000000,3963000000,6890000000,8686000000,5333000000,GOOG
2016-09-30,USD,13752000000,22451000000,8699000000,8699000000,5767000000,4389000000,3596000000,7985000000,None,-29000000,None,29000000,-123000000,22000000,None,1596000000,6045000000,984000000,29000000,5000000000,5180000000,6074000000,7703000000,5061000000,GOOG
2016-06-30,USD,13370000000,21500000000,8130000000,8130000000,5968000000,4039000000,3363000000,7402000000,None,-32000000,None,32000000,-128000000,18000000,None,1490000000,6119000000,1242000000,32000000,4834000000,5020000000,6151000000,7783000000,4877000000,GOOG
2016-03-31,USD,12609000000,20257000000,7648000000,7648000000,5342000000,3900000000,3367000000,7267000000,None,-30000000,None,30000000,-186000000,13000000,None,1371000000,5129000000,922000000,30000000,4102000000,4787000000,5159000000,6996000000,4207000000,GOOG
2015-12-31,USD,13141000000,21329000000,8188000000,8188000000,5380000000,4251000000,3510000000,7761000000,None,-26000000,None,26000000,-161000000,35000000,None,1404000000,5200000000,277000000,26000000,4923000000,4641000000,5226000000,7093000000,4923000000,GOOG
2015-09-30,USD,11638000000,18675000000,7037000000,7037000000,4708000000,3700000000,3230000000,6930000000,None,-26000000,None,26000000,-100000000,49000000,None,1248000000,4891000000,912000000,26000000,3979000000,3316000000,4917000000,5956000000,3979000000,GOOG
2015-06-30,USD,11144000000,17727000000,6583000000,6583000000,4825000000,1450000000,2789000000,6319000000,None,None,None,26000000,None,33000000,None,1234000000,4956000000,1025000000,None,3409000000,3373000000,4982000000,6059000000,3931000000,GOOG
2015-03-31,USD,10902000000,17258000000,6356000000,6356000000,4447000000,1637000000,2753000000,6455000000,None,None,None,26000000,None,35000000,None,1177000000,4604000000,1089000000,None,3515000000,3117000000,4630000000,5624000000,3515000000,GOOG
2014-12-31,USD,11182000000,18103000000,6921000000,6921000000,4399000000,1593000000,2813000000,6783000000,None,None,None,25000000,None,51000000,None,1267000000,5494000000,819000000,None,3708000000,4784000000,5519000000,5666000000,4675000000,GOOG
2014-09-30,USD,9828000000,16523000000,6695000000,6695000000,3724000000,1365000000,2655000000,6104000000,None,None,None,25000000,None,26000000,None,1547000000,3672000000,933000000,None,2924000000,2155000000,3697000000,5271000000,2739000000,GOOG
2023-12-31,USD,39401000000,169328000000,129927000000,92553000000,13209000000,36212000000,22038000000,39274000000,901000000,-713000000,901000000,713000000,170041000000,289000000,None,2082000000,13666000000,3042000000,713000000,10644000000,12587000000,14379000000,16461000000,10624000000,AMZN
2023-09-30,USD,52610000000,142183000000,89573000000,75022000000,11188000000,13112000000,21203000000,14551000000,776000000,-806000000,1072000000,806000000,142989000000,1031000000,None,1439000000,12185000000,2306000000,806000000,9879000000,8556000000,12991000000,14430000000,9879000000,AMZN
2023-06-30,USD,48693000000,133552000000,84859000000,69373000000,7681000000,13947000000,18829000000,15486000000,661000000,-840000000,661000000,840000000,134392000000,61000000,None,1539000000,7554000000,804000000,840000000,6750000000,7043000000,8394000000,9933000000,6750000000,AMZN
2023-03-31,USD,43403000000,126605000000,83202000000,67791000000,4774000000,13215000000,17420000000,15411000000,611000000,-823000000,611000000,823000000,127428000000,-443000000,None,1546000000,4120000000,948000000,823000000,3172000000,3686000000,4943000000,6489000000,3172000000,AMZN
2022-12-31,USD,-1360000000,148376000000,1360000000,85640000000,2737000000,36751000000,3653000000,1360000000,445000000,-694000000,445000000,694000000,149070000000,-3450000000,None,2118000000,-949000000,-1227000000,694000000,-2720000000,2906000000,-255000000,1863000000,278000000,AMZN
2022-09-30,USD,40542000000,126381000000,85839000000,70268000000,2525000000,14075000000,16787000000,15571000000,277000000,-617000000,277000000,617000000,126998000000,759000000,None,1496000000,2941000000,69000000,617000000,2872000000,539000000,3558000000,5054000000,2872000000,AMZN
2022-06-30,USD,39590000000,120533000000,80943000000,66424000000,3317000000,12989000000,15468000000,14519000000,159000000,-584000000,159000000,584000000,121117000000,-5545000000,None,1530000000,-2665000000,-637000000,584000000,-2028000000,-4445000000,-2081000000,-551000000,-2028000000,AMZN
2022-03-31,USD,37013000000,115986000000,78973000000,66499000000,3669000000,10914000000,12270000000,12474000000,108000000,-472000000,108000000,472000000,116458000000,-8570000000,None,1560000000,-5266000000,-1422000000,472000000,-3844000000,-4833000000,-4794000000,-3234000000,-3844000000,AMZN
2021-12-31,USD,20863000000,136903000000,116040000000,82835000000,3460000000,30235000000,2001000000,34205000000,118000000,-482000000,118000000,482000000,137385000000,11838000000,None,2970000000,14935000000,612000000,482000000,14314000000,14022000000,15417000000,18387000000,14323000000,AMZN
2021-09-30,USD,34622000000,110212000000,75590000000,62930000000,4852000000,10163000000,12097000000,12660000000,119000000,-493000000,119000000,493000000,110705000000,-163000000,None,2497000000,4311000000,1155000000,493000000,3156000000,2606000000,4804000000,7301000000,3156000000,AMZN
2021-06-30,USD,36408000000,112755000000,76347000000,64176000000,7702000000,9682000000,11794000000,12171000000,106000000,-435000000,106000000,435000000,113190000000,1261000000,None,2489000000,8646000000,868000000,435000000,7778000000,7919000000,9081000000,11570000000,7778000000,AMZN
2021-03-31,USD,35035000000,108088000000,73053000000,62403000000,8865000000,8194000000,10584000000,10650000000,105000000,-399000000,105000000,399000000,108487000000,1697000000,None,2456000000,10263000000,2156000000,399000000,8107000000,7621000000,10662000000,13118000000,8107000000,AMZN
2020-12-31,USD,125555000000,125555000000,102441000000,79284000000,6873000000,20271000000,5242000000,24557000000,100000000,-414000000,100000000,414000000,125555000000,1206000000,None,2886000000,7788000000,566000000,414000000,7199000000,8071000000,8202000000,11088000000,7222000000,AMZN
2020-09-30,USD,29309000000,95717000000,66408000000,57106000000,6194000000,7102000000,9334000000,9302000000,118000000,-428000000,118000000,428000000,96145000000,925000000,None,2200000000,6900000000,569000000,428000000,6331000000,6757000000,7328000000,9528000000,6331000000,AMZN
2020-06-30,USD,27895000000,88509000000,60614000000,52660000000,5843000000,5925000000,8945000000,7954000000,135000000,-403000000,135000000,403000000,88912000000,646000000,None,2029000000,6227000000,984000000,403000000,5243000000,5851000000,6630000000,8659000000,5243000000,AMZN
2020-03-31,USD,22619000000,75050000000,52431000000,44257000000,3989000000,6280000000,7993000000,8174000000,202000000,-402000000,202000000,402000000,75452000000,-406000000,None,1894000000,3279000000,744000000,402000000,2535000000,1458000000,3681000000,5575000000,2535000000,AMZN
2019-12-31,USD,87437000000,87437000000,75900000000,53977000000,3879000000,18583000000,9740000000,22988000000,211000000,-455000000,211000000,455000000,87437000000,418000000,None,3340000000,4054000000,786000000,455000000,3267000000,3711000000,4509000000,7849000000,3268000000,AMZN
2019-09-30,USD,19574000000,69585000000,50011000000,41302000000,3157000000,6100000000,8022000000,8764000000,224000000,-396000000,224000000,396000000,69981000000,-353000000,None,2609000000,2628000000,494000000,396000000,2134000000,1665000000,3024000000,5633000000,2134000000,AMZN
2019-06-30,USD,18721000000,63021000000,44300000000,36337000000,3084000000,5561000000,7910000000,8049000000,215000000,-383000000,215000000,383000000,63404000000,-27000000,None,2402000000,2882000000,257000000,383000000,2625000000,2675000000,3265000000,5667000000,2625000000,AMZN
2019-03-31,USD,20582000000,59339000000,38757000000,33920000000,4420000000,4837000000,6841000000,4837000000,183000000,-366000000,183000000,366000000,59700000000,164000000,None,2307000000,4397000000,836000000,366000000,3561000000,3586000000,4763000000,7070000000,3561000000,AMZN
2018-12-31,USD,72383000000,72383000000,59490000000,44786000000,3786000000,14229000000,1452000000,15667000000,150000000,-387000000,None,387000000,72383000000,-199000000,None,4262000000,3354000000,327000000,387000000,3023000000,3030000000,3741000000,8048000000,3027000000,AMZN
2018-09-30,USD,18871000000,56218000000,37347000000,33003000000,3724000000,4344000000,6303000000,4412000000,117000000,-358000000,None,358000000,56576000000,-93000000,None,3778000000,3391000000,508000000,358000000,2883000000,2783000000,3749000000,7502000000,2883000000,AMZN
2018-06-30,USD,17899000000,52543000000,34644000000,30632000000,2983000000,4012000000,6432000000,4092000000,94000000,-343000000,None,343000000,52886000000,-129000000,None,3630000000,2608000000,74000000,343000000,2534000000,2067000000,2951000000,6613000000,2534000000,AMZN
2018-03-31,USD,16211000000,50712000000,34501000000,30735000000,1927000000,3766000000,5968000000,3829000000,80000000,-330000000,None,330000000,51042000000,239000000,None,3671000000,1916000000,287000000,330000000,1629000000,1646000000,2246000000,5598000000,1629000000,AMZN
2017-12-31,USD,60453000000,60453000000,43345000000,38495000000,2127000000,4484000000,221000000,5535000000,65000000,-338000000,None,338000000,60453000000,17000000,None,3498000000,1872000000,16000000,338000000,1856000000,1874000000,2210000000,5625000000,1856000000,AMZN
2017-09-30,USD,12528000000,43516000000,30988000000,27549000000,347000000,3439000000,128000000,3484000000,54000000,-228000000,None,228000000,43744000000,143000000,None,2784000000,314000000,58000000,228000000,256000000,361000000,542000000,3131000000,256000000,AMZN
2017-06-30,USD,11258000000,37812000000,26554000000,23451000000,628000000,3103000000,145000000,3169000000,44000000,-143000000,None,143000000,37955000000,137000000,None,2488000000,664000000,467000000,143000000,197000000,387000000,807000000,3116000000,197000000,AMZN
2017-03-31,USD,7985000000,35575000000,27590000000,22440000000,1005000000,2715000000,4402000000,5194000000,39000000,-139000000,None,139000000,35714000000,48000000,None,2285000000,953000000,229000000,139000000,724000000,912000000,1092000000,3290000000,724000000,AMZN
2016-12-31,USD,43741000000,43741000000,32253000000,28959000000,1255000000,997000000,999000000,3779000000,29000000,-133000000,None,133000000,None,15000000,None,2297000000,1163000000,414000000,133000000,752000000,285000000,1296000000,3593000000,749000000,AMZN
2016-09-30,USD,6875000000,32596000000,25721000000,21260000000,575000000,2377000000,160000000,4493000000,26000000,-118000000,None,118000000,None,8000000,None,2083000000,481000000,229000000,118000000,252000000,302000000,599000000,2682000000,252000000,AMZN
2016-06-30,USD,7073000000,30288000000,23215000000,19180000000,1285000000,2126000000,160000000,4090000000,24000000,-116000000,None,116000000,None,-14000000,None,1909000000,1164000000,307000000,116000000,857000000,900000000,1280000000,3189000000,857000000,AMZN
2016-03-31,USD,6385000000,29011000000,22626000000,18866000000,1071000000,1933000000,161000000,3805000000,21000000,-117000000,None,117000000,None,81000000,None,1827000000,988000000,475000000,117000000,513000000,622000000,1105000000,2932000000,513000000,AMZN
2015-12-31,USD,35747000000,35747000000,26787000000,24341000000,1108000000,694000000,167000000,2770000000,13000000,-115000000,None,115000000,None,-69000000,None,1752000000,935000000,453000000,115000000,485000000,434000000,1050000000,2802000000,482000000,AMZN
2015-09-30,USD,5161000000,25242000000,20081000000,16755000000,406000000,1727000000,159000000,3369000000,13000000,-116000000,None,116000000,None,-56000000,None,1599000000,240000000,161000000,116000000,79000000,21000000,356000000,1955000000,79000000,AMZN
2015-06-30,USD,4790000000,23071000000,18281000000,15160000000,464000000,1617000000,157000000,3169000000,12000000,-114000000,None,114000000,None,0,None,1504000000,358000000,266000000,114000000,92000000,227000000,472000000,1976000000,92000000,AMZN
2015-03-31,USD,4271000000,22602000000,18331000000,15395000000,255000000,1510000000,152000000,2980000000,11000000,-115000000,None,115000000,None,-130000000,None,1426000000,14000000,71000000,115000000,-57000000,-298000000,129000000,1555000000,-57000000,AMZN
2014-12-31,USD,29328000000,29328000000,22988000000,20672000000,591000000,936000000,148000000,2580000000,8000000,-74000000,None,74000000,None,-95000000,None,1380000000,419000000,205000000,74000000,634000000,97000000,493000000,1873000000,214000000,AMZN
2014-09-30,USD,3257000000,20530000000,17273000000,14627000000,-544000000,1399000000,138000000,2677000000,9000000,-49000000,None,49000000,None,-50000000,None,1247000000,-642000000,-205000000,49000000,-437000000,-688000000,-593000000,654000000,-437000000,AMZN
2014-06-30,USD,3467000000,19295000000,15828000000,13399000000,-15000000,1320000000,139000000,2457000000,11000000,-45000000,None,45000000,None,22000000,None,1109000000,-32000000,94000000,45000000,-126000000,-113000000,13000000,1122000000,-126000000,AMZN
2014-03-31,USD,3437000000,19699000000,16262000000,14055000000,146000000,1197000000,133000000,2284000000,11000000,-42000000,None,42000000,None,5000000,None,1010000000,181000000,73000000,42000000,108000000,136000000,223000000,1233000000,108000000,AMZN
2013-12-31,USD,25587000000,25587000000,20486000000,18806000000,510000000,718000000,125000000,1932000000,10000000,-39000000,None,39000000,None,-29000000,None,962000000,60000000,-179000000,39000000,272000000,261000000,99000000,1061000000,239000000,AMZN
2013-09-30,USD,2884000000,17056000000,14172000000,12366000000,-25000000,972000000,117000000,1854000000,9000000,-36000000,None,36000000,None,9000000,None,834000000,-29000000,12000000,36000000,-41000000,72000000,7000000,841000000,-41000000,AMZN
2013-06-30,USD,2745000000,15671000000,12926000000,11209000000,79000000,961000000,107000000,1782000000,9000000,-33000000,None,33000000,None,-38000000,None,757000000,-20000000,-13000000,33000000,-7000000,-7000000,13000000,770000000,-7000000,AMZN
2013-03-31,USD,2658000000,16037000000,13379000000,11801000000,181000000,878000000,101000000,1642000000,10000000,-33000000,None,33000000,None,-77000000,None,701000000,100000000,18000000,33000000,82000000,2000000,133000000,834000000,82000000,AMZN
2012-12-31,USD,17431000000,17431000000,17476000000,16137000000,405000000,677000000,94000000,1404000000,8000000,-27000000,None,27000000,None,-49000000,None,662000000,291000000,194000000,27000000,187000000,155000000,318000000,980000000,97000000,AMZN
2012-09-30,USD,2141000000,13784000000,11643000000,10319000000,-28000000,770000000,85000000,1389000000,10000000,-22000000,None,22000000,None,18000000,None,555000000,-191000000,83000000,22000000,-274000000,-242000000,-169000000,386000000,-274000000,AMZN
2012-06-30,USD,2071000000,12813000000,10742000000,9488000000,107000000,769000000,1082000000,1307000000,10000000,-21000000,None,21000000,None,50000000,None,485000000,116000000,109000000,21000000,7000000,-147000000,137000000,622000000,7000000,AMZN
2012-03-31,USD,2000000000,13164000000,11164000000,10027000000,192000000,680000000,945000000,1204000000,12000000,-21000000,None,21000000,None,-99000000,None,457000000,173000000,43000000,21000000,130000000,272000000,194000000,651000000,130000000,AMZN
2011-12-31,USD,17431000000,17431000000,14737000000,13831000000,260000000,547000000,863000000,968000000,14000000,-20000000,None,20000000,None,19000000,None,359000000,291000000,194000000,20000000,187000000,102000000,311000000,670000000,97000000,AMZN
2011-09-30,USD,1711000000,10859000000,9148000000,8325000000,79000000,545000000,769000000,877000000,16000000,-17000000,None,17000000,None,52000000,None,278000000,-191000000,83000000,17000000,63000000,-147000000,-174000000,104000000,-274000000,AMZN
2011-06-30,USD,1622000000,9898000000,8276000000,7525000000,201000000,507000000,698000000,807000000,16000000,-15000000,None,15000000,None,23000000,None,244000000,116000000,109000000,15000000,191000000,227000000,131000000,375000000,7000000,AMZN
2011-03-31,USD,1575000000,9845000000,8270000000,7608000000,322000000,460000000,579000000,707000000,15000000,-12000000,None,12000000,None,-18000000,None,202000000,173000000,43000000,12000000,201000000,325000000,185000000,387000000,130000000,AMZN
2010-12-31,USD,12948000000,12948000000,10866000000,10317000000,474000000,380000000,884000000,-18358000000,15000000,-11000000,None,11000000,None,29000000,None,169000000,500000000,84000000,11000000,422000000,356000000,511000000,680000000,416000000,AMZN
2010-09-30,USD,1257000000,7551000000,6294000000,5786000000,268000000,358000000,442000000,7292000000,13000000,-11000000,None,11000000,None,22000000,None,150000000,310000000,79000000,11000000,231000000,382000000,321000000,471000000,231000000,AMZN
2010-06-30,USD,1147000000,6557000000,5410000000,4957000000,270000000,324000000,408000000,6296000000,12000000,-9000000,None,9000000,None,24000000,None,130000000,295000000,88000000,9000000,207000000,70000000,304000000,434000000,207000000,AMZN
2010-03-31,USD,1206000000,7124000000,5918000000,5501000000,394000000,298000000,366000000,6737000000,11000000,-7000000,None,7000000,None,3000000,None,120000000,399000000,100000000,7000000,299000000,210000000,406000000,526000000,299000000,AMZN
2009-12-31,USD,1977000000,9519000000,8029000000,7543000000,476000000,374000000,1240000000,-9934000000,9000000,-8000000,None,8000000,None,-6000000,None,112000000,469000000,85000000,8000000,386000000,363000000,477000000,589000000,384000000,AMZN
2009-09-30,USD,1273000000,5443000000,4504000000,4176000000,251000000,232000000,315000000,5198000000,7000000,-7000000,None,7000000,None,11000000,None,95000000,259000000,60000000,7000000,199000000,222000000,266000000,361000000,199000000,AMZN
2009-06-30,USD,1133000000,4644000000,3808000000,3518000000,159000000,206000000,299000000,4492000000,8000000,-7000000,None,7000000,None,19000000,None,84000000,181000000,39000000,7000000,284000000,227000000,188000000,272000000,142000000,AMZN
2009-03-31,USD,451000000,4889000000,4438000000,3741000000,244000000,68000000,275000000,4645000000,None,None,None,12000000,None,4000000,None,87000000,246000000,69000000,None,None,None,258000000,331000000,177000000,AMZN
2008-12-31,USD,522000000,6704000000,6182000000,5355000000,273000000,71000000,277000000,1075000000,None,None,None,11000000,None,25000000,None,77000000,305000000,80000000,None,None,None,316000000,350000000,225000000,AMZN
2008-09-30,USD,999000000,4264000000,3922000000,3265000000,154000000,73000000,264000000,845000000,None,None,None,17000000,None,24000000,None,76000000,177000000,59000000,None,None,None,194000000,230000000,118000000,AMZN
2008-06-30,USD,967000000,4063000000,3715000000,3096000000,217000000,74000000,258000000,750000000,None,None,None,21000000,None,-8000000,None,70000000,204000000,46000000,None,None,None,225000000,287000000,158000000,AMZN
2023-12-31,USD,2911000000,6452000000,5154000000,3257000000,342000000,644000000,1511000000,3409000000,None,285000000,312000000,27000000,6167000000,49000000,None,1253000000,370000000,-297000000,27000000,667000000,707000000,397000000,1650000000,667000000,AMD
2023-09-30,USD,2747000000,5774000000,4289000000,3053000000,224000000,576000000,1507000000,2743000000,None,-26000000,26000000,26000000,5800000000,59000000,None,660000000,260000000,-39000000,26000000,299000000,281000000,286000000,946000000,299000000,AMD
2023-06-30,USD,2443000000,5331000000,4156000000,2916000000,-20000000,547000000,1443000000,2683000000,None,-28000000,28000000,28000000,5359000000,46000000,None,693000000,4000000,-23000000,28000000,27000000,16000000,32000000,725000000,27000000,AMD
2023-03-31,USD,2359000000,5353000000,2994000000,2994000000,-145000000,585000000,1411000000,2504000000,None,-25000000,25000000,25000000,None,43000000,None,518000000,-126000000,13000000,None,-140000000,-119000000,-101000000,2537000000,-139000000,AMD
2022-12-31,USD,2403000000,5732000000,5006000000,3196000000,-149000000,590000000,1366000000,3177000000,None,134000000,153000000,19000000,5598000000,32000000,None,1220000000,-133000000,-154000000,19000000,21000000,68000000,-114000000,1106000000,21000000,AMD
2022-09-30,USD,2354000000,5534000000,3768000000,3211000000,-64000000,557000000,1279000000,1836000000,None,-31000000,34000000,31000000,5565000000,22000000,None,1000000000,-69000000,-135000000,31000000,66000000,11000000,-38000000,962000000,66000000,AMD
2022-06-30,USD,3028000000,6525000000,4114000000,3522000000,526000000,592000000,1300000000,1892000000,None,-25000000,35000000,25000000,6550000000,-4000000,None,1000000000,501000000,54000000,25000000,447000000,416000000,526000000,1526000000,447000000,AMD
2022-03-31,USD,2818000000,5859000000,4275000000,3069000000,951000000,597000000,1060000000,2281000000,None,-13000000,None,13000000,5872000000,-42000000,None,609000000,899000000,113000000,13000000,786000000,787000000,912000000,1521000000,786000000,AMD
2021-12-31,USD,2426000000,4845000000,2930000000,2400000000,1207000000,412000000,811000000,1356000000,None,34000000,42000000,8000000,4811000000,4000000,None,118000000,1203000000,229000000,8000000,974000000,971000000,1211000000,1329000000,974000000,AMD
2021-09-30,USD,2086000000,4306000000,2603000000,2227000000,948000000,376000000,765000000,1141000000,None,-7000000,None,7000000,4313000000,62000000,None,97000000,1005000000,82000000,7000000,923000000,916000000,1012000000,1109000000,923000000,AMD
2021-06-30,USD,1830000000,3840000000,2361000000,2020000000,831000000,341000000,659000000,1000000000,None,-10000000,None,10000000,3850000000,0,None,97000000,823000000,113000000,10000000,710000000,711000000,833000000,930000000,710000000,AMD
2021-03-31,USD,1587000000,3422000000,2272000000,1858000000,662000000,319000000,610000000,1032000000,None,-9000000,None,9000000,3431000000,-11000000,None,95000000,644000000,89000000,15000000,555000000,544000000,653000000,748000000,555000000,AMD
2020-12-31,USD,1451000000,3235000000,2101000000,1793000000,570000000,308000000,573000000,881000000,None,46000000,55000000,9000000,3244000000,-15000000,None,90000000,549000000,-1232000000,9000000,1778000000,1793000000,558000000,648000000,1781000000,AMD
2020-09-30,USD,1230000000,2790000000,1844000000,1571000000,449000000,273000000,508000000,781000000,None,-11000000,None,11000000,2801000000,-37000000,None,82000000,402000000,12000000,11000000,390000000,399000000,413000000,495000000,390000000,AMD
2020-06-30,USD,848000000,1918000000,1299000000,1084000000,173000000,215000000,460000000,675000000,None,-14000000,14000000,14000000,1932000000,1000000,None,72000000,161000000,4000000,14000000,157000000,167000000,175000000,247000000,157000000,AMD
2020-03-31,USD,818000000,1755000000,1167000000,968000000,177000000,199000000,442000000,659000000,None,-13000000,None,13000000,1768000000,4000000,None,68000000,168000000,6000000,13000000,162000000,148000000,181000000,249000000,162000000,AMD
2019-12-31,USD,949000000,2109000000,1384000000,1178000000,348000000,206000000,395000000,601000000,None,91000000,109000000,18000000,2127000000,-125000000,None,64000000,205000000,35000000,18000000,170000000,177000000,223000000,287000000,170000000,AMD
2019-09-30,USD,777000000,1737000000,1209000000,1024000000,186000000,185000000,406000000,591000000,None,-24000000,None,24000000,1761000000,-36000000,None,69000000,127000000,7000000,64000000,120000000,113000000,151000000,255000000,120000000,AMD
2019-06-30,USD,621000000,1506000000,1099000000,910000000,59000000,189000000,373000000,562000000,None,-25000000,None,25000000,1531000000,3000000,None,70000000,37000000,2000000,25000000,35000000,36000000,62000000,129000000,35000000,AMD
2019-03-31,USD,521000000,1291000000,921000000,751000000,38000000,170000000,373000000,549000000,None,-27000000,None,27000000,1258000000,-7000000,None,46000000,3000000,-13000000,35000000,16000000,23000000,30000000,84000000,16000000,AMD
2018-12-31,USD,537000000,1390000000,1020000000,882000000,28000000,138000000,371000000,509000000,None,110000000,139000000,29000000,1419000000,4000000,None,43000000,3000000,-35000000,29000000,38000000,40000000,32000000,71000000,38000000,AMD
2018-09-30,USD,661000000,1623000000,1140000000,992000000,150000000,148000000,363000000,511000000,None,-30000000,None,30000000,1653000000,-6000000,None,41000000,114000000,12000000,24000000,102000000,102000000,144000000,191000000,102000000,AMD
2018-06-30,USD,652000000,1725000000,1246000000,1104000000,153000000,142000000,357000000,499000000,None,-31000000,None,31000000,1756000000,1000000,None,42000000,122000000,6000000,31000000,116000000,103000000,153000000,195000000,116000000,AMD
2018-03-31,USD,597000000,1615000000,1184000000,1050000000,120000000,134000000,343000000,477000000,None,-31000000,None,31000000,-1000000,1000000,None,44000000,89000000,8000000,32000000,81000000,80000000,120000000,164000000,81000000,AMD
2017-12-31,USD,452000000,1449000000,1098000000,888000000,-2000000,134000000,320000000,433000000,None,101000000,132000000,31000000,1340000000,2000000,None,39000000,-31000000,-12000000,31000000,61000000,-15000000,-2000000,121000000,-19000000,AMD
2017-09-30,USD,571000000,1584000000,1013000000,1013000000,119000000,132000000,320000000,447000000,None,-31000000,None,31000000,1584000000,-3000000,None,36000000,83000000,22000000,31000000,71000000,63000000,114000000,162000000,61000000,AMD
2017-06-30,USD,386000000,1151000000,765000000,765000000,-1000000,127000000,285000000,404000000,None,-32000000,None,32000000,1151000000,-3000000,None,35000000,-39000000,3000000,32000000,-13000000,-38000000,-7000000,60000000,-42000000,AMD
2017-03-31,USD,378000000,1178000000,800000000,800000000,11000000,123000000,271000000,387000000,None,-32000000,None,32000000,-4000000,-5000000,None,34000000,-28000000,5000000,32000000,-71000000,-32000000,4000000,5000000,-33000000,AMD
2016-12-31,USD,351000000,1103000000,876000000,797000000,-3000000,121000000,264000000,385000000,None,124000000,158000000,34000000,-7000000,-7000000,None,34000000,-46000000,5000000,34000000,-51000000,-54000000,-12000000,31000000,-51000000,AMD
2016-09-30,USD,59000000,1290000000,1365000000,1248000000,-293000000,117000000,259000000,376000000,None,-41000000,None,41000000,-61000000,-63000000,None,33000000,-402000000,4000000,41000000,-406000000,-406000000,-361000000,-260000000,-406000000,AMD
2016-06-30,USD,319000000,1012000000,825000000,708000000,-8000000,117000000,243000000,360000000,None,-41000000,None,41000000,0,150000000,None,33000000,98000000,29000000,41000000,69000000,72000000,139000000,25000000,69000000,AMD
2016-03-31,USD,269000000,799000000,668000000,563000000,-68000000,105000000,242000000,347000000,None,-40000000,None,40000000,0,0,None,33000000,-108000000,1000000,40000000,-109000000,-107000000,-68000000,-35000000,-109000000,AMD
2015-12-31,USD,283000000,917000000,784000000,675000000,-49000000,109000000,229000000,338000000,None,119000000,160000000,41000000,0,-2000000,None,34000000,-92000000,10000000,41000000,-102000000,-95000000,-51000000,-15000000,-102000000,AMD
2015-09-30,USD,239000000,1022000000,930000000,822000000,-158000000,108000000,241000000,349000000,None,-39000000,None,39000000,0,0,None,42000000,-197000000,0,39000000,-197000000,-207000000,-158000000,-116000000,-197000000,AMD
2015-06-30,USD,232000000,902000000,844000000,710000000,-137000000,134000000,235000000,369000000,None,-40000000,None,40000000,0,-3000000,None,45000000,-180000000,1000000,40000000,-181000000,-174000000,-140000000,-92000000,-181000000,AMD
2015-03-31,USD,326000000,990000000,881000000,704000000,-137000000,131000000,242000000,419000000,None,-40000000,None,40000000,0,0,None,46000000,-177000000,3000000,40000000,-180000000,-187000000,-137000000,-91000000,-180000000,AMD
2014-12-31,USD,360000000,1198000000,1260000000,879000000,-330000000,144000000,238000000,619000000,1000000,136000000,177000000,41000000,3000000,4000000,None,48000000,-367000000,-3000000,41000000,-364000000,-368000000,-326000000,-282000000,-364000000,AMD
2014-09-30,USD,494000000,1386000000,1088000000,935000000,63000000,150000000,278000000,431000000,1000000,-43000000,None,43000000,0,-1000000,None,49000000,19000000,2000000,43000000,17000000,15000000,62000000,112000000,17000000,AMD
2014-06-30,USD,498000000,1395000000,1101000000,943000000,63000000,154000000,277000000,481000000,0,-46000000,None,46000000,-79000000,-49000000,None,53000000,-32000000,4000000,46000000,-36000000,-32000000,14000000,116000000,-36000000,AMD
2014-03-31,USD,487000000,1365000000,1119000000,910000000,49000000,156000000,279000000,520000000,1000000,-47000000,None,47000000,15000000,-20000000,None,53000000,-18000000,2000000,32000000,-20000000,-21000000,29000000,102000000,-20000000,AMD
2013-12-31,USD,553000000,1545000000,1209000000,1036000000,135000000,169000000,293000000,510000000,1000000,-44000000,None,44000000,-62000000,-2000000,None,54000000,90000000,1000000,44000000,89000000,89000000,134000000,189000000,89000000,AMD
2013-09-30,USD,521000000,1414000000,1078000000,940000000,95000000,155000000,288000000,473000000,1000000,-47000000,None,47000000,-17000000,2000000,None,57000000,51000000,3000000,47000000,48000000,52000000,98000000,152000000,48000000,AMD
2013-06-30,USD,459000000,1119000000,882000000,702000000,-29000000,171000000,308000000,530000000,2000000,-42000000,None,42000000,-1000000,-2000000,None,59000000,-71000000,3000000,42000000,-74000000,-76000000,-29000000,30000000,-74000000,AMD
2013-03-31,USD,445000000,1092000000,935000000,643000000,-98000000,179000000,312000000,600000000,1000000,-44000000,None,44000000,48000000,-3000000,None,66000000,-144000000,2000000,44000000,-146000000,-147000000,-100000000,-32000000,-146000000,AMD
2012-12-31,USD,178000000,1110000000,1260000000,977000000,-422000000,193000000,313000000,641000000,2000000,-45000000,None,45000000,None,-4000000,None,66000000,-469000000,4000000,45000000,-473000000,-475000000,-424000000,-356000000,-473000000,AMD
2012-09-30,USD,392000000,1225000000,1068000000,877000000,-131000000,188000000,328000000,563000000,2000000,-44000000,None,44000000,None,16000000,None,66000000,-157000000,0,44000000,-157000000,-154000000,-113000000,-65000000,-157000000,AMD
2012-06-30,USD,638000000,1370000000,987000000,775000000,77000000,212000000,345000000,600000000,2000000,-43000000,None,43000000,None,-5000000,None,65000000,31000000,-6000000,43000000,37000000,36000000,74000000,139000000,37000000,AMD
2012-03-31,USD,27000000,1542000000,1859000000,1558000000,-580000000,230000000,368000000,712000000,2000000,-43000000,None,43000000,None,-1000000,None,124000000,-622000000,-32000000,43000000,-590000000,-588000000,-579000000,-455000000,-590000000,AMD
2011-12-31,USD,773000000,1648000000,1259000000,918000000,71000000,243000000,358000000,742000000,2000000,-43000000,None,43000000,None,-207000000,None,70000000,-181000000,-4000000,43000000,-173000000,-174000000,-138000000,-68000000,-177000000,AMD
2011-09-30,USD,756000000,1648000000,1183000000,934000000,138000000,249000000,361000000,652000000,3000000,-42000000,None,42000000,None,-7000000,None,79000000,92000000,-5000000,42000000,97000000,89000000,134000000,213000000,97000000,AMD
2011-06-30,USD,720000000,1527000000,1093000000,854000000,105000000,239000000,367000000,653000000,2000000,-47000000,None,47000000,None,4000000,None,80000000,64000000,3000000,47000000,61000000,60000000,111000000,191000000,61000000,AMD
2011-03-31,USD,691000000,1565000000,1183000000,922000000,54000000,261000000,367000000,676000000,3000000,-48000000,None,48000000,None,11000000,None,88000000,512000000,2000000,48000000,510000000,511000000,560000000,142000000,510000000,AMD
2010-12-31,USD,743000000,1610000000,873000000,906000000,413000000,250000000,352000000,358000000,2000000,-39000000,None,39000000,None,14000000,None,89000000,417000000,42000000,39000000,375000000,364000000,413000000,502000000,375000000,AMD
2010-09-30,USD,739000000,1562000000,1131000000,879000000,128000000,236000000,359000000,667000000,3000000,-56000000,None,56000000,None,-6000000,None,95000000,-117000000,1000000,56000000,-118000000,-113000000,128000000,223000000,-118000000,AMD
2023-12-31,USD,42397000000,60849000000,29554000000,19623000000,27032000000,8223000000,7142000000,17073000000,734000000,-909000000,734000000,909000000,61758000000,-169000000,None,1708000000,26526000000,4656000000,909000000,21870000000,23858000000,27435000000,29143000000,21870000000,MSFT
2023-09-30,USD,40215000000,56029000000,23979000000,16302000000,26895000000,6661000000,6659000000,14336000000,1166000000,-525000000,1166000000,525000000,56554000000,-137000000,None,1016000000,27284000000,4993000000,525000000,22291000000,21697000000,27809000000,28825000000,22291000000,MSFT
2023-06-30,USD,39394000000,55659000000,26154000000,16795000000,24254000000,8401000000,6739000000,16098000000,905000000,-482000000,905000000,482000000,56141000000,-61000000,None,958000000,24727000000,4646000000,482000000,20081000000,19382000000,25209000000,26167000000,20081000000,MSFT
2023-03-31,USD,36729000000,52405000000,24481000000,16128000000,22352000000,7393000000,6984000000,15337000000,748000000,-496000000,748000000,496000000,52901000000,-93000000,None,960000000,22673000000,4374000000,496000000,18299000000,19112000000,23169000000,24129000000,18299000000,MSFT
2022-12-31,USD,35259000000,52032000000,27393000000,17488000000,20399000000,8016000000,6844000000,16749000000,700000000,-490000000,700000000,490000000,52522000000,-38000000,None,1089000000,20339000000,3914000000,490000000,16425000000,17311000000,20829000000,21918000000,16425000000,MSFT
2022-09-30,USD,34670000000,49636000000,22798000000,15452000000,21518000000,6524000000,6628000000,13974000000,641000000,-500000000,641000000,500000000,50136000000,-31000000,None,822000000,21572000000,4016000000,500000000,17556000000,14891000000,22072000000,22894000000,17556000000,MSFT
2022-06-30,USD,35436000000,51406000000,25283000000,16429000000,20534000000,8053000000,6849000000,15703000000,552000000,-496000000,552000000,496000000,51902000000,-23000000,None,801000000,20487000000,3747000000,496000000,16740000000,14538000000,20983000000,21784000000,16740000000,MSFT
2022-03-31,USD,33745000000,48732000000,23481000000,15615000000,20364000000,7075000000,6306000000,14172000000,519000000,-503000000,519000000,503000000,49235000000,-11000000,None,791000000,20190000000,3462000000,503000000,16728000000,13815000000,20693000000,21484000000,16728000000,MSFT
2021-12-31,USD,34768000000,51228000000,24433000000,16960000000,22247000000,6763000000,5758000000,13231000000,503000000,-525000000,503000000,525000000,51753000000,-4000000,None,710000000,22515000000,3750000000,525000000,18765000000,17919000000,23040000000,23750000000,18765000000,MSFT
2021-09-30,USD,31671000000,44743000000,20145000000,13646000000,20238000000,5834000000,5599000000,12098000000,520000000,-539000000,520000000,539000000,45282000000,6000000,None,665000000,20524000000,19000000,539000000,20505000000,19966000000,21063000000,21728000000,20505000000,MSFT
2021-06-30,USD,32161000000,45595000000,22025000000,13991000000,19095000000,7379000000,5687000000,13721000000,497000000,-553000000,497000000,553000000,46148000000,22000000,None,655000000,19405000000,2947000000,553000000,16458000000,16818000000,19958000000,20613000000,16458000000,MSFT
2021-03-31,USD,28661000000,41059000000,20070000000,13045000000,17048000000,6409000000,5204000000,12229000000,519000000,-633000000,519000000,633000000,41692000000,6000000,None,616000000,17236000000,1779000000,633000000,15457000000,13552000000,17869000000,18485000000,15457000000,MSFT
2020-12-31,USD,28882000000,42558000000,20907000000,14194000000,17897000000,6086000000,4899000000,11612000000,545000000,-571000000,545000000,571000000,43129000000,70000000,None,627000000,18337000000,2874000000,571000000,15463000000,15720000000,18908000000,19535000000,15463000000,MSFT
2020-09-30,USD,26152000000,36724000000,16941000000,11002000000,15876000000,5350000000,4926000000,10865000000,570000000,-589000000,None,589000000,37313000000,0,None,589000000,16124000000,2231000000,589000000,13893000000,13807000000,16713000000,17302000000,13893000000,MSFT
2020-06-30,USD,25694000000,38033000000,20161000000,12339000000,13407000000,7073000000,5214000000,13036000000,595000000,-686000000,None,686000000,38033000000,0,None,588000000,13422000000,2220000000,686000000,13407000000,11712000000,14108000000,14696000000,11202000000,MSFT
2020-03-31,USD,24046000000,34315000000,17650000000,10975000000,12975000000,6184000000,4887000000,11562000000,673000000,-614000000,153000000,614000000,34929000000,-3000000,None,491000000,12843000000,2091000000,614000000,10752000000,13683000000,13457000000,13948000000,10752000000,MSFT
2019-12-31,USD,24548000000,36322000000,18986000000,12358000000,13891000000,6054000000,4603000000,11231000000,688000000,-654000000,281000000,654000000,36976000000,-19000000,None,574000000,14085000000,2436000000,654000000,11649000000,11455000000,14739000000,15313000000,11649000000,MSFT
2019-09-30,USD,22649000000,32428000000,16363000000,10406000000,12686000000,5398000000,4565000000,10522000000,724000000,-637000000,139000000,637000000,33065000000,-18000000,None,559000000,12686000000,2008000000,637000000,10678000000,10957000000,13323000000,13882000000,10678000000,MSFT
2019-06-30,USD,23305000000,33717000000,17199000000,10412000000,12405000000,6387000000,4513000000,11300000000,709000000,-669000000,321000000,669000000,33717000000,-121000000,None,400000000,12596000000,-591000000,669000000,12405000000,14112000000,13265000000,13665000000,13187000000,MSFT
2019-03-31,USD,20401000000,29993000000,16345000000,10170000000,10341000000,5744000000,4316000000,10491000000,668000000,-671000000,None,671000000,30664000000,16000000,None,431000000,10486000000,1677000000,671000000,8809000000,9557000000,11157000000,11588000000,8809000000,MSFT
2018-12-31,USD,20048000000,31796000000,18673000000,12423000000,10258000000,5720000000,4070000000,10320000000,704000000,-672000000,None,672000000,32468000000,34000000,None,530000000,10385000000,1965000000,672000000,8420000000,9022000000,11057000000,11587000000,8420000000,MSFT
2018-09-30,USD,19179000000,28615000000,15708000000,9905000000,9955000000,5247000000,3977000000,9780000000,681000000,-674000000,None,674000000,29289000000,14000000,None,556000000,10221000000,1397000000,674000000,8824000000,8463000000,10895000000,11451000000,8824000000,MSFT
2018-06-30,USD,20343000000,30085000000,34165000000,9742000000,10379000000,6031000000,3933000000,10464000000,636000000,-672000000,None,672000000,30085000000,-61000000,None,500000000,10680000000,1807000000,672000000,10379000000,7797000000,11352000000,11852000000,8873000000,MSFT
2018-03-31,USD,17550000000,26819000000,9269000000,9269000000,8292000000,5543000000,3715000000,9818000000,575000000,-691000000,None,691000000,-52000000,7000000,None,560000000,8641000000,1217000000,691000000,7424000000,6670000000,9332000000,9892000000,7424000000,MSFT
2017-12-31,USD,17854000000,28918000000,11064000000,11064000000,8679000000,5671000000,3504000000,9737000000,530000000,-698000000,None,698000000,-144000000,34000000,None,562000000,9169000000,15471000000,698000000,-6302000000,-7227000000,9867000000,10429000000,-6302000000,MSFT
2017-09-30,USD,16260000000,24538000000,8278000000,8278000000,7708000000,4978000000,3574000000,9115000000,473000000,-672000000,None,672000000,-59000000,-39000000,None,563000000,7984000000,1408000000,672000000,6576000000,6475000000,8656000000,9219000000,6576000000,MSFT
2017-06-30,USD,17149000000,25605000000,8456000000,22227000000,7682000000,5711000000,3514000000,10131000000,403000000,-655000000,None,655000000,25605000000,-24000000,None,600000000,7958000000,-111000000,655000000,5330000000,7855000000,8613000000,9213000000,8069000000,MSFT
2017-03-31,USD,15152000000,23212000000,8060000000,3075000000,6723000000,5081000000,3355000000,8996000000,380000000,-609000000,None,609000000,-200000000,-40000000,None,560000000,7094000000,1608000000,609000000,4801000000,5675000000,7703000000,8263000000,5486000000,MSFT
2016-12-31,USD,15925000000,25826000000,9901000000,5378000000,7905000000,4950000000,3062000000,8327000000,311000000,-521000000,None,521000000,-128000000,-172000000,None,315000000,8022000000,1755000000,521000000,5200000000,4961000000,8543000000,8858000000,6267000000,MSFT
2016-09-30,USD,14084000000,21928000000,7844000000,3581000000,6715000000,4278000000,3106000000,7598000000,293000000,-437000000,None,437000000,-146000000,-15000000,None,214000000,6827000000,1160000000,437000000,4690000000,5831000000,7264000000,7478000000,5667000000,MSFT
2016-06-30,USD,12635000000,20614000000,7979000000,18676000000,3080000000,5299000000,3146000000,9814000000,274000000,-345000000,None,345000000,-98000000,-39000000,None,238000000,5494000000,2372000000,345000000,3080000000,6817000000,5839000000,6077000000,3122000000,MSFT
2016-03-31,USD,12809000000,20531000000,7722000000,3801000000,5283000000,4546000000,2980000000,7775000000,230000000,-340000000,None,340000000,-173000000,-49000000,None,249000000,5036000000,1280000000,340000000,3756000000,3823000000,5376000000,5625000000,3756000000,MSFT
2015-12-31,USD,13924000000,23796000000,9872000000,6268000000,6026000000,4998000000,2900000000,8147000000,200000000,-309000000,None,309000000,-154000000,-14000000,None,249000000,5855000000,837000000,309000000,4998000000,5053000000,6164000000,6413000000,5018000000,MSFT
2015-09-30,USD,13172000000,20379000000,7207000000,4035000000,5793000000,4417000000,2962000000,7621000000,199000000,-249000000,None,249000000,-139000000,-93000000,None,242000000,5513000000,611000000,249000000,4620000000,4118000000,5762000000,6004000000,4902000000,MSFT
2015-06-30,USD,14712000000,22180000000,7468000000,7468000000,-2053000000,5233000000,3094000000,16765000000,198000000,-247000000,None,247000000,191000000,4000000,None,200000000,-1756000000,1439000000,247000000,14712000000,-4144000000,-1509000000,-1309000000,-3195000000,MSFT
2015-03-31,USD,14568000000,21729000000,7161000000,7161000000,6594000000,4800000000,2984000000,7974000000,160000000,-211000000,None,211000000,-168000000,-27000000,None,361000000,6517000000,1532000000,211000000,4985000000,5073000000,6728000000,7089000000,4985000000,MSFT
2014-12-31,USD,16334000000,26470000000,10136000000,10136000000,7776000000,5412000000,2903000000,8558000000,183000000,-162000000,None,162000000,6000000,-209000000,None,329000000,7850000000,1987000000,162000000,5863000000,5489000000,8012000000,8341000000,5863000000,MSFT
2014-09-30,USD,14928000000,23201000000,8273000000,8273000000,5844000000,4879000000,3065000000,7944000000,225000000,-161000000,None,161000000,-267000000,-35000000,None,372000000,5896000000,1356000000,161000000,4540000000,4589000000,6057000000,6429000000,4540000000,MSFT
2014-06-30,USD,15749000000,23382000000,7633000000,7595000000,6482000000,6055000000,3123000000,9267000000,265000000,-169000000,None,169000000,-222000000,-66000000,None,347000000,6577000000,1965000000,169000000,15787000000,4988000000,6746000000,7093000000,4612000000,MSFT
2014-03-31,USD,14425000000,20403000000,5978000000,5978000000,6974000000,4745000000,2743000000,7451000000,220000000,-175000000,None,175000000,-28000000,-72000000,None,170000000,6957000000,1297000000,175000000,5660000000,5715000000,7132000000,7302000000,5660000000,MSFT
2013-12-31,USD,16197000000,24519000000,8322000000,8322000000,7969000000,5518000000,2748000000,8228000000,219000000,-135000000,None,135000000,-7000000,-111000000,None,166000000,7878000000,1320000000,135000000,6558000000,7104000000,8013000000,8179000000,6558000000,MSFT
2013-09-30,USD,13384000000,18529000000,5145000000,5145000000,6334000000,4314000000,2767000000,7050000000,179000000,-118000000,None,118000000,58000000,80000000,None,162000000,6408000000,1164000000,118000000,5244000000,6232000000,6526000000,6688000000,5244000000,MSFT
2013-06-30,USD,14294000000,20032000000,5738000000,5602000000,6073000000,5438000000,2783000000,8085000000,202000000,-120000000,None,120000000,-146000000,105000000,None,176000000,6145000000,1180000000,120000000,14294000000,4503000000,6265000000,6441000000,4965000000,MSFT
2013-03-31,USD,15702000000,20489000000,4787000000,4787000000,7612000000,5450000000,2640000000,8090000000,150000000,-109000000,None,109000000,-27000000,-80000000,None,187000000,7603000000,1548000000,109000000,6055000000,6254000000,7712000000,7899000000,6055000000,MSFT
2012-12-31,USD,15764000000,21456000000,5692000000,5692000000,7771000000,5465000000,2528000000,7993000000,166000000,-105000000,None,105000000,-72000000,-33000000,None,198000000,7770000000,1393000000,105000000,6377000000,6563000000,7875000000,8073000000,6377000000,MSFT
2012-09-30,USD,11840000000,16008000000,4168000000,4168000000,5308000000,4072000000,2460000000,6532000000,159000000,-95000000,None,95000000,-25000000,202000000,None,178000000,5534000000,1068000000,95000000,4466000000,4864000000,5629000000,5807000000,4466000000,MSFT
2012-06-30,USD,13896000000,18059000000,4163000000,4163000000,192000000,4917000000,2594000000,13704000000,227000000,-96000000,None,96000000,-151000000,-25000000,None,152000000,359000000,851000000,96000000,7703000000,-402000000,455000000,607000000,-492000000,MSFT
2012-03-31,USD,13455000000,17407000000,3952000000,3952000000,6374000000,4564000000,2517000000,7081000000,180000000,-95000000,None,95000000,-110000000,-20000000,None,142000000,6363000000,1255000000,95000000,5108000000,5614000000,6458000000,6600000000,5108000000,MSFT
2011-12-31,USD,15247000000,20885000000,5638000000,5638000000,7994000000,4882000000,2371000000,7253000000,182000000,-95000000,None,95000000,-207000000,50000000,None,155000000,8239000000,1615000000,95000000,6624000000,6699000000,8334000000,8489000000,6624000000,MSFT
2011-09-30,USD,13595000000,17372000000,3777000000,3777000000,7203000000,4063000000,2329000000,6392000000,211000000,-94000000,None,94000000,-13000000,-4000000,None,109000000,7306000000,1568000000,94000000,5738000000,4626000000,7400000000,7509000000,5738000000,MSFT
2011-06-30,USD,13659000000,17367000000,3708000000,3708000000,6171000000,5095000000,2393000000,7325000000,269000000,-94000000,None,94000000,-127000000,0,None,125000000,6319000000,445000000,94000000,13659000000,6682000000,6413000000,6538000000,5874000000,MSFT
2011-03-31,USD,12531000000,16428000000,3897000000,3897000000,5709000000,4553000000,2269000000,6971000000,216000000,-84000000,None,84000000,-10000000,7000000,None,162000000,6025000000,793000000,84000000,5232000000,5232000000,6109000000,6271000000,5232000000,MSFT
2010-12-31,USD,15120000000,19953000000,4833000000,4833000000,8165000000,4770000000,2185000000,6919000000,205000000,-72000000,None,72000000,81000000,0,None,126000000,8497000000,1863000000,72000000,6634000000,6634000000,8569000000,8695000000,6634000000,MSFT
2010-09-30,USD,13056000000,16195000000,3139000000,3139000000,7116000000,3744000000,2196000000,5990000000,210000000,-45000000,None,45000000,-47000000,-38000000,None,124000000,7230000000,1820000000,45000000,5410000000,5410000000,7275000000,7399000000,5410000000,MSFT
2010-06-30,USD,12869000000,16039000000,3170000000,3170000000,5930000000,4589000000,2350000000,7937000000,239000000,-37000000,None,37000000,-138000000,-19000000,None,718000000,6024000000,1506000000,37000000,12869000000,4518000000,6061000000,7052000000,4518000000,MSFT
2010-03-31,USD,11748000000,14503000000,2755000000,2755000000,5173000000,4355000000,2220000000,6575000000,204000000,-38000000,None,38000000,-125000000,-10000000,None,694000000,5341000000,1335000000,38000000,4006000000,4006000000,5379000000,6071000000,4006000000,MSFT
2009-12-31,USD,15394000000,19022000000,3628000000,3628000000,8513000000,4743000000,2079000000,6881000000,197000000,-38000000,None,38000000,73000000,46000000,None,615000000,8883000000,2221000000,38000000,6662000000,6662000000,8921000000,9325000000,6662000000,MSFT
2009-09-30,USD,10078000000,12920000000,2842000000,2842000000,4482000000,3531000000,2065000000,5596000000,203000000,-38000000,None,38000000,51000000,-3000000,None,646000000,4765000000,1191000000,38000000,3574000000,3574000000,4803000000,5331000000,3574000000,MSFT
2009-06-30,USD,10513000000,13099000000,2586000000,2586000000,3987000000,1399000000,2225000000,6526000000,None,None,None,38000000,None,None,None,681000000,4142000000,1097000000,None,None,None,3987000000,4673000000,3045000000,MSFT
2009-03-31,USD,10834000000,13648000000,2814000000,2814000000,4438000000,1203000000,2212000000,6396000000,None,None,None,None,None,None,None,664000000,4050000000,1073000000,None,None,None,4438000000,5654000000,2977000000,MSFT
2008-12-31,USD,12722000000,16629000000,3907000000,3907000000,5939000000,831000000,2290000000,6783000000,None,None,None,None,None,None,None,632000000,5638000000,1464000000,None,None,None,5939000000,7047000000,4174000000,MSFT
2008-09-30,USD,12213000000,15061000000,2848000000,2848000000,5999000000,887000000,2283000000,6214000000,None,None,None,None,None,None,None,585000000,5991000000,1618000000,None,None,None,5999000000,6799000000,4373000000,MSFT
2008-06-30,USD,12971000000,15837000000,2866000000,2866000000,5684000000,887000000,2407000000,7287000000,None,None,None,106000000,None,None,None,608000000,5968000000,1671000000,None,None,None,5617000000,6225000000,4297000000,MSFT
2008-03-31,USD,11940000000,14454000000,2514000000,2514000000,4409000000,2341000000,2035000000,7531000000,None,None,None,None,None,None,None,532000000,4810000000,422000000,None,None,None,4234000000,4766000000,4388000000,MSFT
2007-12-31,USD,12824000000,16367000000,3543000000,3543000000,6481000000,1066000000,1885000000,6343000000,None,None,None,None,None,None,None,481000000,6820000000,2113000000,None,None,None,6348000000,6829000000,4707000000,MSFT
2007-09-30,USD,11087000000,13762000000,2675000000,2675000000,5918000000,718000000,1837000000,5169000000,None,None,None,None,None,None,None,435000000,6216000000,1927000000,None,None,None,5859000000,6294000000,4289000000,MSFT
2023-12-31,USD,4438000000,25167000000,20729000000,102000000,2064000000,1280000000,1094000000,2374000000,333000000,-61000000,333000000,61000000,24994000000,-145000000,890000000,1232000000,2176000000,-5752000000,61000000,7943000000,8477000000,2237000000,3296000000,7928000000,TSLA
2023-09-30,USD,4178000000,23350000000,19172000000,11000000,1764000000,1253000000,1161000000,2414000000,282000000,-38000000,244000000,38000000,23350000000,37000000,897000000,1235000000,2020000000,167000000,38000000,1878000000,1571000000,2058000000,2999000000,1853000000,TSLA
2023-06-30,USD,4533000000,24927000000,20394000000,57000000,2399000000,1191000000,943000000,2134000000,238000000,-28000000,238000000,28000000,258000000,328000000,816000000,1154000000,3026000000,323000000,28000000,2614000000,2518000000,3054000000,3553000000,2703000000,TSLA
2023-03-31,USD,4511000000,23329000000,18818000000,126000000,2664000000,1076000000,771000000,1847000000,213000000,-29000000,184000000,29000000,25000000,-48000000,722000000,1046000000,2774000000,261000000,29000000,2539000000,2649000000,2803000000,3710000000,2513000000,TSLA
2022-12-31,USD,5777000000,24318000000,18541000000,143000000,3901000000,1032000000,810000000,1876000000,157000000,-33000000,157000000,33000000,-80000000,-42000000,670000000,989000000,3963000000,276000000,33000000,3707000000,4268000000,3996000000,4890000000,3687000000,TSLA
2022-09-30,USD,5382000000,21454000000,16072000000,97000000,3688000000,961000000,733000000,1694000000,86000000,-53000000,33000000,53000000,21454000000,-85000000,620000000,956000000,3597000000,305000000,53000000,3331000000,2827000000,3650000000,4644000000,3292000000,TSLA
2022-06-30,USD,4234000000,16934000000,12700000000,82000000,2464000000,961000000,667000000,1770000000,26000000,-44000000,26000000,44000000,82000000,28000000,578000000,922000000,2464000000,205000000,44000000,2269000000,1832000000,2508000000,3386000000,2259000000,TSLA
2022-03-31,USD,5460000000,18756000000,13296000000,197000000,3603000000,992000000,865000000,1857000000,28000000,-61000000,28000000,61000000,-30000000,56000000,551000000,880000000,3664000000,346000000,61000000,3280000000,3214000000,3725000000,4483000000,3318000000,TSLA
2021-12-31,USD,4847000000,17719000000,12872000000,149000000,2613000000,1494000000,740000000,2234000000,25000000,-71000000,25000000,71000000,-47000000,68000000,530000000,848000000,2613000000,292000000,71000000,2343000000,2255000000,2684000000,3554000000,2321000000,TSLA
2021-09-30,USD,3660000000,13757000000,10097000000,35000000,2004000000,994000000,611000000,1656000000,10000000,-126000000,10000000,126000000,-7000000,-6000000,495000000,761000000,1841000000,223000000,126000000,1659000000,1532000000,1967000000,2765000000,1618000000,TSLA
2021-06-30,USD,2884000000,11958000000,9074000000,36000000,1312000000,973000000,576000000,1572000000,11000000,-75000000,11000000,75000000,1000000,45000000,461000000,681000000,1257000000,115000000,75000000,1178000000,1205000000,1332000000,1993000000,1142000000,TSLA
2021-03-31,USD,2215000000,10389000000,8174000000,75000000,594000000,1056000000,666000000,1621000000,10000000,-99000000,10000000,99000000,-2000000,28000000,424000000,621000000,507000000,69000000,99000000,464000000,218000000,606000000,1215000000,438000000,TSLA
2020-12-31,USD,2066000000,10744000000,8678000000,149000000,575000000,969000000,522000000,1491000000,6000000,-246000000,6000000,246000000,-125000000,44000000,440000000,618000000,353000000,83000000,351000000,2066000000,508000000,599000000,1193000000,270000000,TSLA
2020-09-30,USD,2063000000,8771000000,6708000000,41000000,809000000,888000000,366000000,1254000000,6000000,-163000000,6000000,163000000,-161000000,-97000000,403000000,584000000,517000000,186000000,163000000,369000000,496000000,680000000,1393000000,331000000,TSLA
2020-06-30,USD,1267000000,6036000000,4769000000,43000000,327000000,661000000,279000000,940000000,8000000,-170000000,8000000,170000000,-24000000,-15000000,356000000,567000000,125000000,21000000,170000000,129000000,177000000,295000000,894000000,104000000,TSLA
2020-03-31,USD,1234000000,5985000000,4751000000,45000000,283000000,627000000,324000000,951000000,10000000,-169000000,10000000,169000000,-26000000,-54000000,371000000,553000000,18000000,2000000,169000000,68000000,-61000000,187000000,792000000,16000000,TSLA
2019-12-31,USD,1391000000,7384000000,5993000000,26000000,359000000,699000000,345000000,1032000000,10000000,-170000000,10000000,170000000,-131000000,-25000000,383000000,133000000,147000000,42000000,170000000,1391000000,189000000,317000000,450000000,105000000,TSLA
2019-09-30,USD,1191000000,6303000000,5112000000,51328000,261000000,596000000,334000000,930000000,15000000,-185000000,15000000,185000000,-353399000,85000000,353000000,78000000,169000000,26000000,185000000,150000000,29000000,354000000,432000000,143000000,TSLA
2019-06-30,USD,921000000,6350000000,5429000000,34829000,-167000000,647000000,324000000,1088000000,10362000,-171979000,21000,172000000,208362000,-41000000,335000000,578572000,-389000000,19000000,171979000,-389262000,-379000000,-217000000,498065000,-408000000,TSLA
2019-03-31,USD,566000000,4541000000,3975000000,80843000,-522000000,704000000,340000000,1088000000,8762000,-157453000,547000,158000000,235829000,26000000,299000000,467577000,-679000000,23000000,157453000,-667645000,-729000000,-521000000,23729000,-702000000,TSLA
2018-12-31,USD,1443000000,7226000000,5783000000,25289000,414000000,668000000,356000000,1029000000,7348000,-174723000,277000,175000000,7441796000,-14000000,313000000,496737000,162000000,22000000,174723000,1442900000,123000000,337000000,910273000,140000000,TSLA
2018-09-30,USD,1524000000,6824000000,5300000000,-5312887000,416000000,730000000,351000000,1108000000,6907000,-175220000,-220000,175000000,7044874000,23000000,300000000,502825000,328000000,17000000,175220000,254673000,301000000,503000000,919582000,311000000,TSLA
2018-06-30,USD,619000000,4002000000,3383301000,2860012000,-621392000,750759000,386129000,1240322000,5064000,-163582000,None,163582000,4242047000,50911000,251800000,485255000,-704293000,13707000,163582000,-742706000,-781915000,-540711000,23272000,-718000000,TSLA
2018-03-31,USD,456000000,3409000000,2952225000,2485306000,-596974000,686404000,367096000,1053500000,5214000,-149546000,None,149546000,3482289000,-37716000,245200000,416233000,-703395000,5605000,149546000,-784627000,-659978000,-553849000,-137616000,-709000000,TSLA
2017-12-31,USD,438786000,3288249000,2849199000,2381164000,-598055000,682790000,354564000,1037354000,6280000,-146363000,-259000,146104000,230580000,-41304000,None,469606000,-683990000,-8640000,146363000,438786000,-663940000,-537886000,-68280000,-675350000,TSLA
2017-09-30,USD,449140000,2984675000,2535535000,1992910000,-535480000,652998000,331622000,984620000,5531000,-117109000,None,117109000,286158000,-24390000,None,400624000,-619661000,-285000,117109000,-671163000,-609087000,-502552000,-101928000,-619376000,TSLA
2017-06-30,USD,666615000,2789557000,2122942000,1676340000,-240916000,537757000,369774000,907531000,4785000,-108441000,None,108441000,272764000,-41208000,None,389171000,-320750000,15647000,108441000,-401427000,-304667000,-212309000,176862000,-336397000,TSLA
2017-03-31,USD,667946000,2696270000,2028324000,1675340000,-257549000,603455000,322040000,925495000,3090000,-99346000,None,99346000,208356000,-18098000,None,376602000,-304999000,25278000,99346000,-397181000,-327306000,-205653000,170949000,-330277000,TSLA
2016-12-31,USD,435278000,2284631000,1849353000,1614167000,-266698000,456016000,245960000,701976000,2179000,-65104000,None,65104000,271827000,121224000,None,326939000,-110267000,11070000,65104000,435278000,-170387000,-45163000,281776000,-121337000,TSLA
2016-09-30,USD,636735000,2298436000,1661701000,1355102000,85622000,336811000,214302000,551113000,2858000,-46713000,None,46713000,231285000,-11756000,None,280468000,30011000,8133000,46713000,21878000,12995000,76724000,357192000,21878000,TSLA
2016-06-30,USD,274776000,1270017000,995241000,909282000,-238040000,321152000,191664000,512816000,2242000,-46368000,None,46368000,151628000,-7373000,None,183232000,-289539000,3649000,46368000,-293188000,-272560000,-243171000,-59939000,-293188000,TSLA
2016-03-31,USD,252468000,1147048000,894580000,792326000,-248224000,318210000,182482000,500692000,1251000,-40625000,None,40625000,-16815000,9177000,None,156460000,-278421000,3846000,40625000,-282267000,-265146000,-237796000,-81336000,-282267000,TSLA
2015-12-31,USD,218564000,1214379000,995816000,918079000,-260333000,288654000,190243000,478897000,750000,-38617000,None,38617000,-20182000,-17149000,None,143723000,-315349000,5048000,38617000,218564000,-299968000,-276732000,-133009000,-320397000,TSLA
2015-09-30,USD,231496000,936789000,705293000,628729000,-183662000,236367000,178791000,415158000,327000,-29308000,None,29308000,83540000,-15431000,None,110366000,-228074000,1784000,29308000,-229858000,-239039000,-198766000,-88400000,-229858000,TSLA
2015-06-30,USD,213370000,954976000,741606000,666386000,-170188000,201846000,181712000,383558000,247000,-24352000,None,24352000,11206000,13233000,None,91389000,-181060000,3167000,24352000,-184227000,-183066000,-156708000,-65319000,-184227000,TSLA
2015-03-31,USD,260073000,939880000,679807000,637646000,-102446000,195365000,167154000,362519000,184000,-26574000,None,26574000,-27977000,-22305000,None,77112000,-151141000,3040000,26574000,-154181000,-170124000,-124567000,-47455000,-154181000,TSLA
2014-12-31,USD,261697000,956661000,694964000,696078000,-74838000,196970000,139565000,336535000,219000,-28703000,None,28703000,-816000,-588000,None,67976000,-103911000,3719000,28703000,261697000,-107651000,-75208000,-7232000,-107630000,TSLA
2014-09-30,USD,251851000,851804000,599953000,599953000,-39129000,155107000,135873000,290980000,300000,-29062000,None,29062000,2497000,-3090000,None,64972000,-70981000,3727000,29062000,-74708000,-74708000,-41919000,23053000,-74708000,TSLA
2014-06-30,USD,212995000,769349000,556354000,556354000,-28753000,134031000,107717000,241748000,467000,-31238000,None,31238000,-597000,-1226000,None,54715000,-60750000,1150000,31238000,-61900000,-61900000,-29512000,25203000,-61900000,TSLA
2014-03-31,USD,155128000,620542000,465414000,466992000,-43967000,117551000,81544000,199095000,141000,-11883000,None,11883000,807000,6718000,None,44268000,-48991000,809000,11883000,-49800000,-49800000,-37108000,7160000,-49800000,TSLA
2013-12-31,USD,156590000,615219000,458630000,460490000,-13353000,101489000,68453000,169942000,92000,-6229000,None,6229000,123000,4584000,None,37585000,-14906000,1358000,6229000,156590000,-16264000,-8677000,28908000,-16264000,TSLA
2013-09-30,USD,102868000,431346000,328478000,328478000,-30554000,77071000,56351000,133422000,68000,-6492000,None,6492000,524000,-740000,None,28450000,-37718000,778000,6492000,-38496000,-38496000,-31226000,-2776000,-38496000,TSLA
2013-06-30,USD,100483000,405139000,304656000,304656000,-11792000,59963000,52312000,112275000,39000,-20116000,None,20116000,None,1668000,None,22198000,-30201000,301000,20116000,-30502000,-30502000,-10085000,12113000,-30502000,TSLA
2013-03-31,USD,96320000,561792000,465472000,467004000,-5584000,47045000,54859000,101904000,10000,-118000,None,118000,None,17091000,None,17850000,11399000,151000,118000,11248000,11248000,11517000,29367000,11248000,TSLA
2012-12-31,USD,23857000,306332000,282475000,283315000,-90883000,45908000,68832000,114740000,85000,-26000,None,26000,None,745000,None,12792000,-90080000,-148000,26000,23857000,-89928000,-90054000,-77262000,-89932000,TSLA
2012-09-30,USD,-8761000,50104000,58865000,58865000,-108460000,37798000,61901000,99699000,38000,-78000,None,78000,None,-2188000,None,7522000,-110688000,116000,78000,-110804000,-110804000,-110610000,-103088000,-110804000,TSLA
2012-06-30,USD,4762000,26653000,21891000,21891000,-106175000,36083000,74854000,110937000,74000,-84000,None,84000,None,691000,None,4348000,-105494000,109000,84000,-105603000,-105597000,-105410000,-101062000,-105603000,TSLA
2012-03-31,USD,10210000,30167000,19957000,22569000,-88763000,30582000,68391000,98973000,90000,-65000,None,65000,None,-1076000,None,4163000,-89814000,59000,65000,-89873000,-89879000,-89749000,-85586000,-89873000,TSLA
2011-12-31,USD,7835000,39375000,31540000,31948000,-80927000,27557000,61205000,88762000,89000,3257000,None,-3257000,None,-496000,None,4804000,-81376000,112000,-3257000,7835000,-81468000,-80927000,-79829000,-81488000,TSLA
2011-09-30,USD,17224000,57666000,40442000,40442000,-64477000,27618000,54083000,81701000,80000,-1300000,None,1300000,None,-594000,None,4280000,-64991000,87000,1300000,-65078000,-65102000,-64477000,-59411000,-65078000,TSLA
2011-06-30,USD,18508000,58171000,39663000,39663000,-58739000,24716000,52531000,77247000,46000,-1200000,None,1200000,None,-71000,None,4318000,-58764000,139000,1200000,-58903000,-58903000,-58739000,-53246000,-58903000,TSLA
2011-03-31,USD,18028000,49030000,31002000,31002000,-47346000,24212000,41162000,65374000,None,None,None,40000,None,-1485000,None,3517000,-48791000,150000,None,None,48941000,-47346000,-43829000,-48941000,TSLA
2010-12-31,USD,11321000,36286000,24965000,24965000,-51645000,25349000,37617000,62966000,None,None,None,63000,None,187000,None,2890000,-51395000,-37000,None,None,None,-51645000,-48755000,-51358000,TSLA
2010-09-30,USD,9296000,31241000,21945000,21945000,-37834000,20432000,26698000,47130000,None,None,None,298000,None,3180000,None,3109000,-34852000,83000,None,None,None,-37834000,-31445000,-34935000,TSLA
2010-06-30,USD,6261000,28405000,22144000,22144000,-31362000,22207000,15416000,37623000,None,None,None,464000,None,-6729000,None,2483000,-38508000,9000,None,None,None,-38044000,-28879000,-38517000,TSLA
2010-03-31,USD,3852000,20812000,16960000,16960000,-25998000,29850000,13265000,29850000,None,None,None,230000,None,None,None,2141000,-29401000,118000,None,None,None,-25998000,-23857000,-29519000,TSLA
2023-12-31,USD,31910000000,39605000000,7695000000,7695000000,16384000000,5515000000,10517000000,17245000000,None,-140000000,588000000,140000000,39745000000,None,3140000000,123000000,16807000000,2790000000,140000000,14017000000,15418000000,16384000000,17070000000,14017000000,META
2023-09-30,USD,27799000000,34009000000,6210000000,6210000000,13748000000,4947000000,9241000000,14300000000,None,-137000000,534000000,137000000,34146000000,None,2830000000,112000000,14020000000,2437000000,137000000,11583000000,11133000000,13748000000,14269000000,11583000000,META
2023-06-30,USD,25939000000,31884000000,5945000000,5945000000,9392000000,7318000000,9344000000,16787000000,None,-115000000,323000000,115000000,31999000000,-99000000,2580000000,125000000,9293000000,1505000000,115000000,7788000000,7663000000,9392000000,9533000000,7788000000,META
2023-03-31,USD,22483000000,28591000000,6108000000,6108000000,7227000000,5929000000,9381000000,16231000000,None,-54000000,193000000,54000000,28645000000,80000000,2480000000,151000000,7307000000,1598000000,54000000,5709000000,6258000000,7227000000,7512000000,5709000000,META
2022-12-31,USD,23584000000,31920000000,8336000000,8336000000,6399000000,7659000000,9771000000,17159000000,None,-164000000,9000000,164000000,32084000000,-249000000,2330000000,142000000,6149000000,1496000000,164000000,4653000000,6177000000,6399000000,6455000000,4653000000,META
2022-09-30,USD,21994000000,27710000000,5716000000,5716000000,5664000000,7164000000,9170000000,17237000000,None,-4000000,77000000,4000000,27714000000,-88000000,2130000000,137000000,5576000000,1181000000,4000000,4395000000,2752000000,5664000000,5717000000,4395000000,META
2022-06-30,USD,23626000000,28818000000,5192000000,5192000000,8358000000,6582000000,8690000000,15420000000,None,-4000000,91000000,4000000,28822000000,-172000000,1930000000,148000000,8186000000,1499000000,4000000,6687000000,5272000000,8358000000,8338000000,6687000000,META
2022-03-31,USD,21899000000,27904000000,6005000000,6005000000,8524000000,5672000000,7707000000,13517000000,None,-4000000,384000000,4000000,27908000000,384000000,2120000000,138000000,8908000000,1443000000,4000000,7465000000,6162000000,8524000000,9050000000,7465000000,META
2021-12-31,USD,27179000000,33527000000,6348000000,6348000000,12585000000,7692000000,7046000000,14873000000,None,-4000000,117000000,4000000,33531000000,118000000,1970000000,135000000,12703000000,2418000000,4000000,10285000000,9799000000,12585000000,12842000000,10285000000,META
2021-09-30,USD,23235000000,29006000000,5771000000,5771000000,10423000000,6500000000,6316000000,13028000000,None,-4000000,120000000,4000000,29010000000,142000000,1870000000,212000000,10565000000,1371000000,4000000,9194000000,8702000000,10423000000,10781000000,9194000000,META
2021-06-30,USD,23674000000,29073000000,5399000000,5399000000,12367000000,5215000000,6096000000,11516000000,None,-4000000,121000000,4000000,29077000000,146000000,1860000000,205000000,12513000000,2119000000,4000000,10394000000,10525000000,12367000000,12722000000,10394000000,META
2021-03-31,USD,21036000000,26167000000,5131000000,5131000000,11378000000,4465000000,5197000000,9861000000,None,-4000000,118000000,4000000,26171000000,125000000,1850000000,199000000,11503000000,2006000000,4000000,9497000000,8724000000,11378000000,11706000000,9497000000,META
2020-12-31,USD,22730000000,27940000000,5210000000,5210000000,12775000000,4880000000,5207000000,10282000000,None,-3000000,136000000,3000000,27943000000,280000000,1740000000,195000000,13055000000,1836000000,3000000,11219000000,11838000000,12775000000,13253000000,11219000000,META
2020-09-30,USD,17272000000,21466000000,4194000000,4194000000,8040000000,4473000000,4763000000,9424000000,None,-4000000,146000000,4000000,21470000000,93000000,1580000000,188000000,8133000000,287000000,4000000,7846000000,8296000000,8040000000,8325000000,7846000000,META
2020-06-30,USD,14854000000,18683000000,3829000000,3829000000,5963000000,4433000000,4462000000,9073000000,None,-4000000,162000000,4000000,18687000000,168000000,1580000000,178000000,6131000000,953000000,4000000,5178000000,5580000000,5963000000,6313000000,5178000000,META
2020-03-31,USD,14275000000,17734000000,3459000000,3459000000,5893000000,4370000000,4015000000,8753000000,None,-3000000,228000000,3000000,17737000000,-32000000,1490000000,171000000,5861000000,959000000,3000000,4902000000,4847000000,5893000000,6035000000,4902000000,META
2019-12-31,USD,17475000000,20966000000,3491000000,3492000000,8858000000,4855000000,3878000000,8893000000,None,-11000000,249000000,11000000,20977000000,311000000,1360000000,160000000,9169000000,1820000000,11000000,7349000000,7709000000,8858000000,9340000000,7349000000,META
2019-09-30,USD,14493000000,17648000000,3155000000,3155000000,7185000000,3764000000,3548000000,7508000000,None,-4000000,258000000,4000000,17652000000,144000000,1270000000,196000000,7329000000,1238000000,4000000,6091000000,5725000000,7185000000,7529000000,6091000000,META
2019-06-30,USD,13576000000,16883000000,3307000000,3307000000,4626000000,5638000000,3315000000,9156000000,None,-3000000,219000000,3000000,16886000000,206000000,1340000000,203000000,4832000000,2216000000,3000000,2616000000,2914000000,4626000000,5038000000,2616000000,META
2019-03-31,USD,12261000000,15077000000,2816000000,2816000000,3317000000,6084000000,2860000000,9100000000,None,-2000000,198000000,2000000,15077000000,165000000,1200000000,156000000,3482000000,1053000000,2000000,2429000000,2408000000,3317000000,3640000000,2429000000,META
2018-12-31,USD,13896000000,16692000000,2796000000,2796000000,7820000000,3443000000,2855000000,6532000000,None,None,None,187000000,16701000000,151000000,None,157000000,7971000000,1089000000,None,6882000000,6899000000,7820000000,7977000000,6882000000,META
2018-09-30,USD,11309000000,13727000000,2418000000,2418000000,5781000000,2871000000,2657000000,5684000000,None,None,None,176000000,13727000000,131000000,None,156000000,5912000000,775000000,None,5137000000,5078000000,5781000000,5937000000,5137000000,META
2018-06-30,USD,11017000000,13231000000,2214000000,2214000000,5863000000,2631000000,2523000000,5312000000,None,None,None,143000000,13231000000,5000000,None,158000000,5868000000,762000000,None,5106000000,4713000000,5863000000,6021000000,5106000000,META
2018-03-31,USD,10039000000,11966000000,1927000000,1927000000,5449000000,2352000000,2238000000,4759000000,None,None,None,145000000,11966000000,161000000,None,169000000,5610000000,622000000,None,4988000000,4921000000,5449000000,5618000000,4988000000,META
2017-12-31,USD,11361000000,12972000000,1611000000,1611000000,7352000000,2060000000,1949000000,4227000000,None,None,None,126000000,-27687000000,109000000,None,170000000,7462000000,3193000000,None,4269000000,4242000000,7352000000,7522000000,4269000000,META
2017-09-30,USD,8880000000,10328000000,1448000000,1448000000,5122000000,1706000000,2052000000,3931000000,None,None,None,108000000,10328000000,114000000,None,173000000,5236000000,529000000,None,4707000000,4877000000,5122000000,5295000000,4707000000,META
2017-06-30,USD,8084000000,9321000000,1237000000,1237000000,4401000000,1764000000,1919000000,3857000000,None,None,None,91000000,9321000000,87000000,None,174000000,4488000000,594000000,None,3894000000,4150000000,4401000000,4575000000,3894000000,META
2017-03-31,USD,6873000000,8032000000,1159000000,1159000000,3327000000,1712000000,1834000000,3721000000,None,None,None,67000000,8032000000,81000000,None,175000000,3408000000,344000000,None,3064000000,3141000000,3327000000,3502000000,3064000000,META
2016-12-31,USD,7762000000,8809000000,1047000000,1047000000,4567000000,1636000000,1563000000,3459000000,None,None,None,56000000,None,-32000000,None,183000000,4533000000,964000000,None,4273000000,3238000000,4567000000,4750000000,3569000000,META
2016-09-30,USD,6024000000,7011000000,987000000,987000000,3117000000,1363000000,1542000000,3097000000,None,None,None,50000000,None,47000000,None,195000000,3164000000,537000000,None,2379000000,2629000000,3117000000,3312000000,2627000000,META
2016-06-30,USD,5519000000,6436000000,917000000,916000000,2734000000,1311000000,1471000000,2967000000,None,None,None,32000000,None,20000000,None,193000000,2754000000,471000000,None,2055000000,2186000000,2734000000,2927000000,2283000000,META
2016-03-31,USD,4544000000,5382000000,838000000,838000000,2010000000,1192000000,1343000000,2715000000,None,None,None,27000000,None,56000000,None,180000000,2066000000,328000000,None,1510000000,1917000000,2010000000,2190000000,1738000000,META
2015-12-31,USD,5017000000,5841000000,824000000,824000000,2560000000,1143000000,1314000000,2692000000,None,None,None,14000000,None,-3000000,None,191000000,2557000000,996000000,None,1561000000,1486000000,2560000000,2751000000,1561000000,META
2015-09-30,USD,3781000000,4501000000,720000000,720000000,1459000000,1051000000,1271000000,2502000000,None,None,None,7000000,None,-27000000,None,180000000,1432000000,536000000,None,896000000,873000000,1459000000,1639000000,896000000,META
2015-06-30,USD,3374000000,4042000000,668000000,668000000,1273000000,931000000,1170000000,2281000000,None,None,None,5000000,None,None,None,180000000,1273000000,554000000,None,719000000,809000000,1273000000,1453000000,719000000,META
2015-03-31,USD,2889000000,3543000000,654000000,654000000,933000000,894000000,1062000000,2135000000,None,None,None,2000000,None,-1000000,None,179000000,932000000,420000000,None,512000000,293000000,933000000,1112000000,512000000,META
2014-12-31,USD,3199000000,3851000000,652000000,653000000,1133000000,955000000,1111000000,2263000000,None,None,None,23000000,None,-19000000,None,178000000,1114000000,413000000,None,701000000,582000000,1133000000,1311000000,701000000,META
2014-09-30,USD,2638000000,3203000000,565000000,565000000,1397000000,633000000,608000000,1300000000,None,None,None,4000000,None,-61000000,None,59000000,1336000000,530000000,None,806000000,702000000,1397000000,1456000000,806000000,META
2014-06-30,USD,2437000000,2910000000,473000000,473000000,1390000000,555000000,492000000,1088000000,None,None,None,4000000,None,-4000000,None,41000000,1386000000,595000000,None,791000000,771000000,1390000000,1431000000,791000000,META
2014-03-31,USD,2040000000,2502000000,462000000,462000000,1075000000,510000000,455000000,1006000000,None,None,None,None,None,None,None,41000000,1075000000,433000000,None,642000000,643000000,1075000000,1116000000,642000000,META
2013-12-31,USD,2095000000,2586000000,491000000,491000000,1132000000,554000000,409000000,1025000000,None,-6000000,None,6000000,-31000000,3000000,None,39000000,1130000000,607000000,6000000,523000000,524000000,1136000000,1175000000,523000000,META
2013-09-30,USD,1509000000,2016000000,507000000,507000000,736000000,404000000,369000000,831000000,None,-21000000,None,21000000,-59000000,11000000,None,37000000,726000000,301000000,21000000,425000000,466000000,747000000,784000000,425000000,META
2013-06-30,USD,1348000000,1813000000,465000000,465000000,562000000,442000000,344000000,893000000,None,-14000000,None,14000000,11000000,-3000000,None,36000000,545000000,212000000,14000000,333000000,319000000,559000000,595000000,333000000,META
2013-03-31,USD,1045000000,1458000000,413000000,413000000,373000000,379000000,293000000,711000000,None,-15000000,None,15000000,9000000,-5000000,None,33000000,353000000,134000000,15000000,219000000,202000000,368000000,401000000,219000000,META
2012-12-31,USD,1188000000,1585000000,397000000,398000000,523000000,368000000,297000000,707000000,None,-16000000,None,16000000,-1000000,-7000000,None,34000000,505000000,441000000,16000000,64000000,72000000,521000000,555000000,64000000,META
2012-09-30,USD,940000000,1262000000,322000000,322000000,377000000,319000000,244000000,605000000,None,-11000000,None,11000000,-12000000,6000000,None,31000000,372000000,431000000,11000000,-59000000,-36000000,383000000,414000000,-59000000,META
2012-06-30,USD,817000000,1184000000,367000000,367000000,-743000000,855000000,705000000,1578000000,None,-10000000,None,10000000,None,-12000000,None,8000000,-765000000,-608000000,10000000,-157000000,-179000000,-755000000,-747000000,-157000000,META
2012-03-31,USD,781000000,1058000000,277000000,277000000,381000000,88000000,153000000,400000000,None,None,None,13000000,None,None,None,110000000,382000000,177000000,None,None,204000000,381000000,491000000,205000000,META
2011-12-31,USD,884000000,1131000000,247000000,247000000,547000000,58000000,124000000,337000000,None,None,None,16000000,None,None,None,103000000,519000000,217000000,None,None,303000000,547000000,650000000,302000000,META
2011-09-30,USD,718000000,954000000,236000000,236000000,414000000,82000000,108000000,304000000,None,None,None,10000000,None,-25000000,None,97000000,379000000,152000000,None,None,225000000,414000000,511000000,227000000,META
2011-06-30,USD,685000000,895000000,210000000,210000000,407000000,83000000,99000000,278000000,None,None,None,9000000,None,1000000,None,72000000,399000000,159000000,None,None,240000000,407000000,479000000,240000000,META
2023-12-31,USD,3525340000,8832825000,5307485000,5307485000,1496109000,3087890000,673341000,3761231000,None,-175212000,None,175212000,-239371000,None,None,3840646000,1148150000,210312000,175212000,937838000,869464000,1323362000,5336755000,937838000,NFLX
2023-09-30,USD,3610880000,8541668000,4930788000,4930788000,1916394000,1037327000,657159000,1694486000,None,-175563000,7345000,175563000,172678000,None,None,3664013000,1909049000,231627000,175563000,1677422000,1661117000,2084612000,5580407000,1677422000,NFLX
2023-06-30,USD,3513831000,8187301000,4673470000,4673470000,1827183000,1028665000,657983000,1686648000,None,-174812000,26961000,174812000,-28952000,26961000,None,3526367000,1679332000,191722000,174812000,1487610000,1540039000,1854144000,5353550000,1487610000,NFLX
2023-03-31,USD,3357878000,8161503000,4803625000,4803625000,1714317000,956286000,687275000,1643561000,None,-174239000,71204000,174239000,-80651000,-71204000,None,3550319000,1468874000,163754000,174239000,1305120000,1330731000,1643113000,5264636000,1305120000,NFLX
2022-12-31,USD,2447893000,7852053000,5404160000,5404160000,549904000,2810063000,673926000,3483989000,None,-170603000,339965000,170603000,-461681000,-339965000,None,4038214000,39336000,-15948000,170603000,55284000,85621000,209939000,4588118000,55284000,NFLX
2022-09-30,USD,3136924000,7925589000,4788665000,4788665000,1533018000,941167000,662739000,1603906000,None,-172575000,261404000,172575000,348458000,261404000,None,4000184000,1621847000,223605000,172575000,1398242000,1295075000,1794422000,5533202000,1398242000,NFLX
2022-06-30,USD,3279386000,7970141000,4690755000,4690755000,1578283000,984257000,716846000,1701103000,None,-175455000,220226000,175455000,304513000,220226000,None,3565079000,1623054000,182103000,175455000,1440951000,1370645000,1798509000,5143362000,1440951000,NFLX
2022-03-31,USD,3583062000,7867767000,4284705000,4284705000,1971626000,953906000,657530000,1611436000,None,-187579000,195645000,187579000,161821000,195645000,None,3436612000,1979692000,382245000,187579000,1597447000,1563772000,2167271000,5408238000,1597447000,NFLX
2021-12-31,USD,2469743000,7709318000,5239575000,5239575000,631770000,2859503000,647470000,1233088000,None,-189429000,108512000,189429000,103917000,108512000,None,3805301000,550853000,-56576000,189429000,607429000,586769000,740282000,4437071000,607429000,NFLX
2021-09-30,USD,3276878000,7483467000,4206589000,4206589000,1755253000,957738000,563887000,1521625000,None,-190429000,96135000,190429000,136488000,96135000,None,3033304000,1660959000,211888000,190429000,1449071000,1419461000,1851388000,4788557000,1449071000,NFLX
2021-06-30,USD,3323769000,7341777000,4018008000,4018008000,1847630000,938818000,537321000,1476139000,None,-191322000,None,191322000,-63074000,-62519000,None,2845237000,1593789000,240776000,191322000,1353013000,1358651000,1785111000,4692867000,1353013000,NFLX
2021-03-31,USD,3294771000,7163282000,3868511000,3868511000,1959856000,809708000,525207000,1334915000,None,-194440000,269086000,194440000,253330000,269086000,None,2754937000,2034502000,327787000,194440000,1706715000,1666454000,2228942000,4714793000,1706715000,NFLX
2020-12-31,USD,2479282000,6644442000,4165160000,4165160000,954242000,2485104000,486936000,3126440000,None,-197186000,None,197186000,-257983000,-250639000,None,3014568000,506417000,-35739000,197186000,2479282000,587701000,703603000,3968810000,542156000,NFLX
2020-09-30,USD,2567886000,6435637000,3867751000,3867751000,1314863000,799221000,453802000,1253023000,None,-197079000,None,197079000,-249194000,-256324000,None,2762332000,861460000,71484000,197079000,789976000,822901000,1058539000,4077195000,789976000,NFLX
2020-06-30,USD,2504579000,6148286000,3643707000,3643707000,1357928000,711606000,435045000,1146651000,None,-189151000,133175000,189151000,-119161000,-133175000,None,2633820000,1035602000,315406000,189151000,720196000,733178000,1224753000,3991748000,720196000,NFLX
2020-03-31,USD,2167990000,5767691000,3599701000,3599701000,958256000,755917000,453817000,1209734000,None,-184083000,21697000,184083000,93060000,21697000,None,2511902000,795870000,86803000,184083000,709067000,685534000,979953000,3470158000,709067000,NFLX
2019-12-31,USD,2001411000,5467434000,3466023000,3466023000,458512000,3012523000,537227000,1754194000,None,-177801000,131378000,177801000,-122100000,-131378000,None,2607487000,149333000,-437637000,177801000,2001411000,604695000,327134000,3065999000,586970000,NFLX
2019-09-30,USD,2146986000,5244905000,3097919000,3097919000,980239000,786971000,379776000,1779697000,None,-160660000,192744000,160660000,171360000,192744000,None,2313335000,1012323000,347079000,160660000,665244000,644350000,1172983000,3293574000,665244000,NFLX
2019-06-30,USD,1917459000,4923116000,3005657000,3005657000,706419000,827807000,383233000,1818930000,None,-152033000,53470000,152033000,-61284000,-53470000,None,2265067000,500916000,230266000,152033000,270650000,275898000,652949000,2971486000,270650000,NFLX
2019-03-31,USD,1650378000,4520992000,2870614000,2870614000,459084000,818530000,372764000,1766010000,None,-135529000,76104000,135529000,57600000,76104000,None,2156756000,399659000,55607000,135529000,344052000,338034000,535188000,2615840000,344052000,NFLX
2018-12-31,USD,1453441000,4186841000,2733400000,2733400000,215767000,2432979000,327975000,2671636000,None,-128807000,None,128807000,21953000,32436000,None,2085844000,119396000,-14538000,128807000,1453441000,128860000,248203000,2301611000,133934000,NFLX
2018-09-30,USD,1468246000,3999374000,2531128000,2412346000,480668000,779334000,308620000,1777451000,None,-108862000,None,108862000,7670000,7004000,None,1942887000,378810000,-24025000,108862000,402835000,400754000,487672000,2423555000,402835000,NFLX
2018-06-30,USD,1504839000,3907270000,2402431000,2289867000,462213000,837977000,299095000,1783600000,None,-101605000,None,101605000,85410000,68028000,None,1848707000,428636000,44287000,101605000,384349000,367658000,530241000,2310920000,384349000,NFLX
2018-03-31,USD,1400277000,3700856000,2300579000,2196075000,446578000,757473000,282310000,1637184000,None,-81219000,None,81219000,-41080000,-65743000,None,1779019000,299616000,9492000,81219000,290124000,314945000,380835000,2225597000,290124000,NFLX
2017-12-31,USD,1071421000,3285755000,2214334000,2107354000,245303000,578986000,201573000,578986000,None,-75292000,None,75292000,-12850000,-38681000,None,1745225000,264617000,79100000,75292000,1099301000,190322000,339909000,1990528000,185517000,NFLX
2017-09-30,USD,898620000,2984859000,2086239000,1992980000,208627000,528016000,255236000,1254014000,None,-60688000,None,60688000,-50830000,-31702000,None,1659974000,116237000,-13353000,60688000,129590000,135596000,176925000,1868601000,129590000,NFLX
2017-06-30,USD,793768000,2785464000,1991696000,1902308000,127807000,488266000,267083000,1236375000,None,-55482000,None,55482000,-64220000,-58363000,None,1585856000,13962000,-51638000,55482000,65600000,80091000,69444000,1713663000,65600000,NFLX
2017-03-31,USD,895904000,2636635000,1740731000,1657024000,256942000,465561000,257108000,1174068000,None,-46742000,None,46742000,0,13592000,None,1339330000,223792000,45570000,46742000,178222000,180928000,270534000,1596272000,178222000,NFLX
2016-12-31,USD,823122000,2477541000,1719716000,1654419000,153934000,397979000,141093000,397979000,None,-43586000,None,43586000,22800000,-20079000,None,1363903000,90269000,23521000,43586000,823122000,54713000,133855000,1517837000,66748000,NFLX
2016-09-30,USD,757344000,2290188000,1593768000,1532844000,106036000,435209000,216099000,1020573000,None,-35536000,None,35536000,0,8627000,None,1257802000,79127000,27610000,35536000,51517000,53198000,114663000,1363838000,51517000,NFLX
2016-06-30,USD,632106000,2105204000,1525397000,1473098000,70370000,354436000,207300000,907443000,None,-35455000,None,35455000,0,16317000,None,1209513000,51232000,10477000,35455000,40755000,36945000,86687000,1279883000,40755000,NFLX
2016-03-31,USD,588196000,1957736000,1418581000,1369540000,49453000,335235000,203508000,869476000,None,-35537000,None,35537000,0,25963000,None,1093760000,39879000,12221000,35537000,27658000,36565000,75416000,1143213000,27658000,NFLX
2015-12-31,USD,573968000,1823333000,1249365000,1249365000,59894000,1047515000,100071000,1518275000,None,-35429000,None,35429000,None,-3734000,None,996142000,20731000,-22447000,35429000,560568000,37760000,56160000,1056036000,43178000,NFLX
2015-09-30,USD,564397000,1738355000,1173958000,1173958000,73641000,318994000,171762000,773410000,None,-35333000,None,35333000,None,3930000,None,906039000,42238000,12806000,35333000,29432000,29662000,77571000,979680000,29432000,NFLX
2015-06-30,USD,522942000,1644694000,1121752000,1121752000,74835000,293046000,155061000,699074000,None,-35217000,None,35217000,None,872000,None,858994000,40490000,14155000,35217000,26335000,31369000,75707000,933829000,26335000,NFLX
2015-03-31,USD,526728000,1573129000,1046401000,1046401000,97456000,286166000,143106000,663867000,None,-26737000,None,26737000,None,-32293000,None,785870000,38426000,14730000,26737000,23696000,-15012000,65163000,883326000,23696000,NFLX
2014-12-31,USD,470396000,1484728000,1014332000,1014332000,65046000,812574000,51755000,1140129000,None,-13353000,None,13353000,-8200000,-6177000,None,764843000,45516000,-37855000,13353000,431796000,77280000,58869000,829889000,83371000,NFLX
2014-09-30,USD,455038000,1409432000,954394000,954394000,110407000,223678000,120953000,543608000,None,-13486000,None,13486000,0,616000,None,718780000,97537000,38242000,13486000,59295000,54438000,111023000,829187000,59295000,NFLX
2014-06-30,USD,425559000,1340407000,914848000,914848000,129600000,180777000,115182000,471155000,None,-13328000,None,13328000,0,1100000,None,668937000,117372000,46354000,13328000,71018000,73017000,130700000,798537000,71018000,NFLX
2014-03-31,USD,400903000,1270089000,869186000,869186000,97595000,192998000,110310000,479570000,None,-10052000,None,10052000,0,1401000,None,629238000,88944000,35829000,10052000,53115000,54043000,98996000,726833000,53115000,NFLX
2013-12-31,USD,354553000,1175230000,820677000,811849000,82288000,620865000,98128000,870679000,None,-7438000,None,7438000,-8400000,-846000,None,603275000,74004000,25583000,7438000,363381000,50426000,81442000,685563000,48421000,NFLX
2013-09-30,USD,307099000,1105999000,798900000,791019000,57120000,162320000,95540000,407047000,None,-7436000,None,7436000,0,-193000,None,582392000,49491000,17669000,7436000,31822000,35056000,56927000,639512000,31822000,NFLX
2013-06-30,USD,308698000,1069372000,760674000,753525000,57117000,165604000,93126000,403228000,None,-7528000,None,7528000,0,-2940000,None,539985000,46649000,17178000,7528000,29471000,27516000,54177000,597102000,29471000,NFLX
2013-03-31,USD,287009000,1023961000,736952000,726863000,31822000,173301000,91975000,445297000,None,-6740000,None,6740000,-25129000,977000,None,12051000,930000,-1759000,31869000,2689000,61000,7670000,19721000,2689000,NFLX
2012-12-31,USD,249372000,945239000,722059000,695867000,19638000,524795000,82139000,1121084000,None,-5016000,None,5016000,-4000000,282000,None,11963000,14904000,7007000,5016000,249372000,7810000,19920000,31883000,7897000,NFLX
2012-09-30,USD,242451000,905089000,662638000,602165000,16135000,143795000,82521000,226316000,None,-4990000,None,4990000,0,801000,None,11128000,11946000,4271000,4990000,7675000,9720000,16936000,28064000,7675000,NFLX
2012-06-30,USD,245735000,889163000,643428000,583636000,16154000,148034000,81547000,229581000,None,-5006000,None,5006000,0,-493000,None,11047000,10655000,4491000,5006000,6164000,5548000,15661000,26708000,6164000,NFLX
2012-03-31,USD,245858000,869791000,623933000,564015000,-1935000,164992000,82801000,247793000,None,-4974000,None,4974000,0,-116000,None,11331000,-7025000,-2441000,4974000,-4584000,-3713000,-2051000,9280000,-4584000,NFLX
2011-12-31,USD,300420000,875575000,575155000,512578000,61872000,114288000,80783000,238548000,None,-4942000,None,4942000,None,-5037000,None,11826000,56835000,21616000,4942000,35219000,35337000,61777000,73603000,35219000,NFLX
2011-09-30,USD,285222000,821839000,536617000,471823000,96842000,118900000,69480000,188380000,None,-4915000,None,4915000,None,1696000,None,11913000,93623000,31163000,4915000,62460000,62164000,98538000,110451000,62460000,NFLX
2011-06-30,USD,298632000,788610000,489978000,428203000,115114000,125653000,57865000,183518000,None,-5303000,None,5303000,None,1013000,None,10182000,110824000,42610000,5303000,68214000,68508000,116127000,126309000,68214000,NFLX
2011-03-31,USD,280402000,718553000,438151000,376992000,102240000,127257000,50905000,178162000,None,-4865000,None,4865000,None,865000,None,9826000,98240000,38007000,4865000,60233000,60073000,103105000,112931000,60233000,NFLX
2010-12-31,USD,205132000,595922000,390790000,336756000,78453000,81957000,45959000,126679000,None,-4832000,None,4832000,None,-18691000,None,9253000,74559000,27464000,4832000,205132000,47572000,79391000,88644000,47095000,NFLX
2010-09-30,USD,208750000,553219000,344469000,292406000,69501000,98373000,42108000,139249000,None,-4945000,None,4945000,None,853000,None,8678000,65409000,27442000,4945000,37967000,37967000,70354000,79032000,37967000,NFLX
2010-06-30,USD,204885000,519819000,314934000,265387000,77342000,91652000,37863000,127543000,None,-4893000,None,4893000,None,921000,None,9309000,73370000,29851000,4893000,43519000,43519000,78263000,87572000,43519000,NFLX
2010-03-31,USD,186503000,493665000,307162000,259560000,58345000,92412000,37399000,128158000,None,-4959000,None,4959000,None,972000,None,10859000,54358000,22086000,4959000,32272000,32272000,59317000,70176000,32272000,NFLX
2009-12-31,USD,169056000,444542000,275486000,231598000,53349000,84239000,33209000,115707000,None,-4457000,None,4457000,None,2444000,None,10238000,51336000,20423000,4457000,30913000,31102000,55793000,66031000,30913000,NFLX
2009-09-30,USD,147846000,423120000,275274000,233091000,49337000,70099000,30014000,98509000,None,-674000,None,674000,None,1808000,None,9618000,50471000,20330000,674000,30141000,30141000,51145000,60763000,30141000,NFLX
2009-06-30,USD,139266000,408509000,269243000,224858000,52782000,59483000,27119000,86484000,None,-674000,None,674000,None,866000,None,9013000,52974000,20531000,674000,64886000,32443000,53648000,62661000,32443000,NFLX
2009-03-31,USD,134830000,394098000,259268000,259268000,36471000,13014000,24200000,98359000,None,None,None,670000,None,None,None,9175000,37411000,15048000,None,None,None,38081000,47256000,22363000,NFLX
2008-12-31,USD,126749000,359595000,232846000,232846000,37921000,49662000,24052000,88828000,None,None,None,677000,None,None,None,9141000,38096000,15364000,None,None,None,38773000,47914000,22732000,NFLX
2008-09-30,USD,116773000,341269000,224496000,224496000,34074000,11742000,23368000,82699000,None,None,None,677000,None,None,None,8643000,34933000,14562000,None,None,None,35610000,44253000,20371000,NFLX
2008-06-30,USD,107527000,337614000,230087000,230087000,34201000,13419000,22186000,73326000,None,None,None,681000,None,None,None,8188000,35924000,9345000,None,None,None,36605000,44793000,26579000,NFLX
